3210 4941
735 439 798 487 ο.
846 437 1086 487 amun
1137 397 1472 486 suenum
1525 435 1669 484 ma.
1718 436 2007 487 xxvnt.
2048 419 2183 504 (2.)

317 573 430 629 las.
491 593 496 596 ·
535 581 732 630 Meum
773 579 856 630 bic
907 581 1106 645 accipio
1148 579 1424 645 quadram,¹

326 653 424 703 cni
449 655 732 706 obsonium
754 671 782 704 e
804 656 952 706 lance
972 666 1025 707 et
1051 658 1226 720 patina
1245 671 1415 720 sump-

329 737 458 780 tum
487 733 849 796 imponebant,
881 749 942 782 sc
969 734 1235 784 frustatim
1248 734 1418 784 conci-

330 808 580 866 debant,
625 819 678 860 ut
723 811 960 860 mundius
1003 818 1058 860 et
1105 811 1421 861 commodius

329 884 771 937 manducarent:
812 889 966 952 vulgo
1003 887 1422 951 stanckoirs‚As·

327 963 512 1012 sieten.
589 963 664 1011 Ea
701 961 896 1012 flebant
927 975 993 1010 ex
1031 969 1264 1024 argento,
1299 975 1421 1016 tere,

331 1047 570 1100 stanno,
601 1046 653 1087 et
683 1037 784 1085 alia
802 1037 1057 1101 ejusmodi
1081 1037 1312 1099 materia,
1333 1051 1423 1100 pa-

337 1115 424 1163 nis
449 1115 613 1164 velut
637 1113 798 1164 abaco
830 1113 1185 1177 superaddito,
1209 1113 1295 1180 qui
1331 1113 1424 1163 ob·

333 1191 626 1240 seniorum
661 1191 852 1253 pingue
881 1189 1172 1252 exciperet,
1195 1199 1248 1239 et
1271 1195 1432 1254 quem'

336 1279 600 1314 comesse
639 1266 922 1314 ominosum
963 1263 1081 1326 fuit,
1127 1272 1187 1315 nt
1232 1267 1313 1314 vel
1356 1280 1422 1315 ex

338 1341 624 1406 superiori
664 1341 1055 1406 versu-Virgilii
1097 1341 1422 1406 intelligitur.

341 1417 434 1467 Eo
525 1418 755 1480 pertinet
809 1417 977 1481 poetae
1033 1417 1426 1477 hemistichium,

337 1493 356 1520 ⁶
379 1493 643 1540 miserum
680 1497 762 1540 est
785 1491 956 1541 aliena
993 1493 1167 1541 vivere
1190 1493 1431 1557 quadra.’

343 1566 698 1630 Linquebant
750 1580 995 1625 mensam,
1041 1567 1128 1630 qui
1183 1565 1429 1616 festinata

345 1641 660 1690 voracitate
696 1641 1067 1704 inquinassent,
1088 1642 1226 1705 quod
1251 1641 1430 1690 incivi-

343 1719 398 1766 le
429 1727 543 1765 eat.
609 1716 834 1765 Suberat
859 1716 1092 1766 fortassis
1126 1725 1182 1768 et
1213 1718 1322 1767 haec
1343 1732 1428 1767 su·

345 1792 672 1858 perstitiose
727 1793 996 1856 cogitatio,
1064 1807 1267 1842 mensas
1331 1807 1430 1843 nec

347 1869 607 1918 Deorum
629 1883 743 1920 esse
768 1869 1060 1930 mutandas,
1079 1885 1178 1920 nec
1211 1879 1431 1936 nostras,

349 1961 480 2010 quae
513 1947 626 1994 illas
649 1953 1012 2008 reproesentat.
1049 1947 1216 1997 Dulce.

426 2023 663 2072 Nondum
699 2022 823 2070 enim
847 2023 1034 2086 plures]
1085 2021 1282 2070 Mensa!
1327 2037 1430 2072 non

351 2093 728 2156 mutabantur,
750 2095 884 2159 quod
924 2095 1188 2145 luxuriosa
1212 2097 1430 2158 posteri-

357 2181 446 2223 tas
486 2173 808 2232 excogitavit
847 2173 899 2220 in
935 2174 1164 2237 singulos
1203 2172 1428 2223 ferculo·

359 2263 486 2297 rum
511 2249 710 2310 missus,
721 2256 778 2297 ut
803 2257 1008 2298 constat
1029 2265 1092 2298 ex
1107 2247 1262 2298 Alex.
1289 2249 1427 2312 apud

362 2324 684 2372 Atbenaeum
725 2324 812 2373 lib.
845 2337 925 2374 tx.
958 2331 1012 2372 et
1051 2324 1338 2374 Plutarcho
1376 2325 1428 2375 in

359 2401 480 2450 vita
501 2399 804 2462 Pelopidae3
847 2401 941 2450 sed
963 2404 1296 2453 convivarum
1331 2405 1432 2452 cui-

363 2492 476 2543 que
513 2492 620 2532 sua,
661 2485 718 2527 et
761 2486 960 2527 tautum
999 2482 1158 2530 semel
1195 2482 1433 2531 dabatur.

366 2552 528 2603 Idem.

438 2628 609 2680 Fame
650 2628 782 2679 labor
821 2628 920 2693 est]
1000 2630 1288 2693 Augurium
1335 2638 1433 2695 est,

365 2705 703 2755 convivarum
724 2718 1080 2769 quemcunque
1095 2704 1244 2755 famo
1269 2714 1324 2755 et
1345 2722 1435 2756 ex-

367 2780 707 2832 istimationis
765 2780 1054 2844 periculum
1123 2783 1434 2833 subiturum.

373 2858 532 2907 Idem.

446 2934 598 2982 Cibus
630 2930 777 2982 etiam
811 2948 838 2982 e
857 2932 864 2938 '
880 2947 1020 2983 manu
1039 2934 1300 2997 prolapsus,
1323 2934 1438 2998 εγω]

372 3008 602 3061 Quidam
673 3006 986 3059 contrarium
1057 3009 1438 3065 existimarunt,

374 3086 657 3149 quainter
680 3085 855 3147 epulas
894 3100 922 3131 e
958 3098 1132 3133 mensa
1167 3084 1437 3146 decidunt,

373 3161 622 3210 heroibus
660 3176 810 3209 sacra
833 3174 964 3221 esse,
990 3160 1126 3209 uude
1151 3162 1436 3225 symbolum

377 3236 804 3299 Pythagoricum,
847 3236 909 3285 τὰ
957 3232 1167 3284 πεσόντα
1202 3237 1268 3297 μὴ
1310 3235 1439 3285 ἄναι-

375 3312 578 3375 ρεΐσθαι.
645 3310 879 3377 Ideoque
913 3324 1010 3360 nec
1055 3312 1302 3373 tollenda,
1343 3326 1440 3361 nec

377 3386 655 3453 gustanda.
739 3386 888 3437 Alex.
913 3388 978 3436 ab
999 3387 1253 3437 Alexand.
1280 3402 1331 3437 v.
1354 3392 1438 3439 22.

378 3464 503 3513 Fuit
529 3470 583 3513 et
615 3464 1008 3526 inauspicatum,
1031 3465 1297 3513 convivam
1322 3472 1438 3515 atra

382 3548 532 3589 veste
597 3540 830 3589 indutum
899 3540 1240 3589 accumbere:
1297 3541 1436 3604 quod

384 3613 597 3664 Vatinio
653 3615 840 3663 Cicero
882 3616 1234 3678 exprobravit.
1270 3616 1436 3665 Idem.

384 3692 582 3741 Lumen
617 3687 669 3738 in
708 3690 930 3739 lucernis
953 3706 1226 3741 accensum
1251 3702 1438 3755 sponte

385 3766 546 3817 emori
590 3764 864 3815 sinebant:
913 3768 1202 3816 extinxisse
1238 3768 1442 3830 religio·

385 3856 496 3890 sum
522 3838 638 3905 fnit,
679 3848 734 3890 ut
767 3848 822 3889 et
855 3856 1079 3891 mensam
1124 3842 1199 3890 sic
1226 3856 1439 3892 vacuam

387 3918 588 3977 tollere,
608 3916 730 3980 quin
768 3916 960 3979 aliquid
995 3924 1291 3980 superesset
1325 3918 1442 3967 reli·

386 3993 489 4059 qui.
531 3994 678 4043 Idem.

453 4070 588 4125 Quid
599 4068 806 4133 loquenti
823 4066 1188 4128 cogitauit-eid
1220 4067 1444 4117 acciderit

386 4146 515 4195 iuter
532 4144 906 4196 eaeecmtinima.
975 4142 1286 4209 &Pontifici
1321 4146 1446 4194 aeci}

388 4224 470 4271 dut
493 4223 611 4271 ditis
639 4238 784 4271 eausa
804 4220 1034 4285 epulanti,
1053 4219 1161 4283 ξω]
1185 4220 1444 4269 'Erratum

390 4314 502 4348 esse
525 4300 764 4348 existimo
793 4300 843 4346 iu
874 4296 1055 4347 ordine
1078 4296 1370 4359 verborum,
1392 4306 1445 4347 et

2376 422 2553 490 5635

1493 579 1767 645 legendum
1786 581 1861 628 sic
1885 594 2016 636 esse,
2050 588 2107 630 ut
2128 575 2233 630 duo
2257 581 2344 630 illa
2370 581 2551 646 verba,

1490 657 1620 706 inter
1648 659 2027 720 exeri-ocissima,
2067 659 2374 722 principium
2418 673 2551 721 pre·

1493 730 1655 781 beant
1679 734 1797 781 colo
1831 733 2103 796 sequenti:
2139 735 2277 784 Inter
2294 735 2553 785 execratis-

1491 809 1629 868 st’tuoe,
1650 808 1692 856 st·
1707 808 1921 872 pontiflci
1941 809 2127 858 aecidat
2143 810 2261 858 ditio
2281 825 2421 859 eausa
2442 825 2569 874 epu·-

1493 887 1730 950 mgb-c.
1797 887 2336 950 Considerandumque
2359 903 2423 937 uu
2458 889 2554 937 hoc

1497 963 1613 1011 loco
1639 960 1967 1012 scribendum
2008 963 2077 1010 sit
2111 977 2211 1012 nou
2234 963 2437 1024 accidat,
2462 963 2553 1012 sed

1495 1039 1611 1102 quid
1630 1041 1791 1095 cadat,
1824 1046 1914 1087 aut
1936 1039 2072 1088 aliud
2096 1040 2279 1088 simile.
2346 1040 2555 1106 Alioqui

1495 1111 1768 1163 fatendum
1792 1113 2093 1164 habebimus
2125 1116 2295 1165 locum
2334 1130 2446 1164 esse
2482 1117 2557 1166 lti-

1499 1197 1696 1252 entem,
1741 1197 1799 1239 ut
1836 1191 2106 1239 nonnullos
2142 1190 2267 1240 alios
2308 1191 2405 1239 hoc
2438 1206 2555 1256 cap.

1500 1266 1581 1315 De
1621 1273 1813 1316 caetero
1837 1281 1938 1315 non
1963 1273 2239 1331 postrema
2260 1267 2561 1332 questionis

1501 1348 1661 1404 esset,
1696 1341 1948 1406 inquirere
1972 1343 2094 1405 quid
2127 1340 2406 1405 significet,
2443 1343 2559 1392 ditis

1499 1433 1660 1482 eausa,
1685 1417 1821 1482 quod
1845 1431 1947 1466 nou
1971 1418 2109 1481 apud
2134 1417 2360 1467 Plinium
2389 1420 2559 1475 modo,

1500 1492 1592 1542 sed
1616 1492 1779 1543 JCtos
1802 1493 1958 1541 etiam
1983 1494 2188 1542 invenio
2209 1509 2221 1553 ;
2248 1508 2361 1542 uam
2385 1503 2440 1544 et
2459 1495 2556 1544 lib.

1504 1578 1635 1615 xtu.
1670 1567 2004 1630 Digestorum
2046 1567 2198 1616 titulo
2236 1567 2563 1618 Commodsti

1506 1642 1588 1690 vel
1610 1649 1811 1702 contra,
1856 1643 1966 1691 Caii
1994 1642 2151 1691 verba
2185 1651 2335 1692 sunt:
2370 1643 2386 1670 ‘
2408 1644 2563 1706 Soepe

1504 1718 1639 1768 enim
1668 1717 1733 1766 ad
1766 1717 1859 1768 ltoc
1896 1718 2283 1767 commodantur
2310 1721 2578 1781 pecunia,-

1506 1799 1566 1840 ut
1605 1791 1727 1840 ditis
1770 1794 1940 1855 gratia
1962 1793 2329 1842 numerationis
2354 1795 2467 1844 loco
2490 1795 2565 1844 in-

1507 1869 1779 1919 tercedant
1797 1868 1831 1918 :⁹
1850 1883 2000 1932 quem
2027 1871 2195 1918 locum
2214 1869 2439 1920 nonnulli
2463 1885 2566 1934 quo

1506 1945 1687 1994 volunt
1709 1945 2105 2009 detorquentes,
2135 1957 2468 2008 corrumpere
2494 1946 2569 1994 ni-

1507 2031 1706 2082 tuntur,
1736 2030 1792 2072 et
1822 2023 1912 2073 lib.
1946 2021 2368 2082 undetricesimo,
2402 2023 2484 2069 tit.
2517 2028 2567 2072 5.

1499 2097 1514 2122 ⁸
1533 2096 1897 2148 Excusantur:
1922 2097 2090 2160 iuquit
2114 2097 2388 2160 Ulpianus,
2424 2097 2440 2124 ‘
2459 2111 2571 2146 ser·

1507 2173 1575 2236 vi,
1612 2174 1701 2237 qui
1739 2171 1984 2222 auxilium
2024 2172 2257 2220 tulerunt
2300 2171 2411 2221 sine
2446 2172 2579 2221 dolo·

1504 2249 1655 2297 malo.
1729 2249 1855 2298 Nam
1890 2249 1929 2296 si
1966 2247 2116 2297 fiuxit
2146 2263 2201 2296 se
2232 2248 2346 2311 quis
2386 2249 2571 2298 auxili·

1506 2341 1588 2374 um
1624 2324 1788 2385 ferre,
1826 2327 1905 2372 vel
1939 2325 2059 2372 ditis
2098 2325 2271 2387 gratia
2308 2326 2451 2382 tulit,
2486 2328 2564 2374 ni·

1505 2402 1576 2450 hil
1601 2402 1700 2451 hoc
1720 2408 2061 2451 commentum
2088 2399 2135 2448 ei
2156 2397 2431 2462 proderit.'
2454 2399 2573 2448 Pin-

1506 2479 1633 2527 ticu-

1572 2556 1714 2605 Ditis
1747 2570 1887 2605 causa
1920 2554 2157 2618 epulanti]
2210 2554 2436 2605 Turneb.
2464 2555 2575 2605 Ad—

1509 2646 1643 2681 vers.
1667 2636 1935 2681 xvttt.26.
1961 2632 2084 2693 legit
2123 2631 2269 2680 Dicis
2308 2646 2469 2688 causa,
2506 2646 2573 2681 ex

1509 2709 1879 2771 manuscripto.
1918 2708 2045 2756 Cum
2070 2706 2493 2769 inauguratioucs
2513 2715 2571 2758 et

1508 2794 1659 2829 sacra
1696 2780 1898 2836 fierent,
1942 2782 2109 2843 epulis
2150 2783 2401 2831 iuteresse
2436 2786 2571 2833 sole-

1509 2856 1637 2905 bant
1658 2857 1917 2919 quondam
1956 2856 2259 2919 Pontifices,
2294 2858 2359 2907 ad
2396 2867 2571 2909 vetus·

1514 2932 1740 2996 talisque
1785 2932 2081 2980 memoriam
2126 2938 2181 2982 et
2227 2932 2571 2985 imitationem

1511 3008 1813 3073 quibusdam
1838 3008 1891 3057 in
1927 3008 2091 3057 sacris
2126 3008 2358 3070 epulatio
2388 3009 2575 3057 retine·

1513 3084 1691 3133 batur:
1714 3084 1853 3147 quod
1875 3082 2102 3143 aiebant,
2116 3084 2261 3132 Dicis
2280 3098 2425 3133 consa
2444 3082 2577 3136 fieri.

1515 3158 1888 3209 Constantinus
1941 3160 2174 3221 exponit,
2216 3158 2361 3210 Dicis
2412 3174 2576 3223 causo,

1513 3236 1821 3297 expiationis
1859 3249 2042 3285 causa:
2077 3233 2380 3297 ἂφοσιόσως
2416 3232 2575 3301 ἕνεκα,

1513 3311 1659 3369 δίκης,
1699 3311 1777 3359 vel
1811 3308 1989 3359 δικαίου
2018 3308 2187 3373 χάρινε
2226 3310 2481 3374 nimirum,
2517 3321 2573 3361 ιιι

1513 3402 1665 3437 omen
1714 3388 1867 3437 triste
1912 3394 2232 3449 averterent,
2272 3387 2429 3436 sacris
2475 3388 2574 3437 rite

1513 3465 1737 3529 peractis
1760 3478 1875 3515 cum
1902 3462 2264 3526 epulabantur.
2305 3461 2574 3527 Interpre-

1515 3542 1643 3589 tatio
1665 3541 1777 3589 hac
1798 3554 1863 3587 ex
1900 3539 2073 3602 Capro
2107 3538 2483 3599 Grammatico,
2518 3546 2575 3589 et

1513 3616 1809 3665 Modestino
1842 3616 2224 3667 Juriscousulto
2261 3616 2427 3679 petita
2472 3625 2572 3665 est.

1513 3692 1749 3741 Dusren.
1804 3690 2077 3739 Auuivers.
2132 3703 2167 3739 ι.
2211 3695 2293 3740 47.
2338 3692 2572 3755 exponit,

1515 3772 1530 3795 ‘
1549 3782 1649 3816 uou
1662 3768 1821 3829 serio,
1838 3780 1939 3816 nou
1958 3768 2197 3823 vere,sed
2218 3766 2575 3830 perfunctorie

1518 3850 1741 3906 tautum,
1759 3850 1815 3892 et
1838 3858 1931 3907 per
1954 3842 2372 3893 simulationem.'
2442 3845 2581 3894 Vide

1517 3919 1703 3968 locum.
1772 3920 1911 3969 Olim
1938 3920 1987 3969 in
2012 3920 2475 3982 mancipationibus
2499 3921 2577 3969 in-

1520 3994 1865 4057 terveniebat,
1910 4002 1965 4043 et
2003 3995 2137 4058 quod
2182 3996 2254 4046 ait
2292 3996 2575 4047 Juriscons.

1518 4070 1609 4119 lib.
1630 4084 1707 4118 tv.
1724 4066 1780 4118 ff.
1806 4070 2135 4133 commodati,
2154 4070 2577 4120 commodabatur

1521 4148 1759 4209 pecunia,
1786 4160 1968 4209 nempe
2004 4146 2281 4196 sestertius
2320 4158 2593 4208 nummus,-

1521 4230 1575 4271 ut
1599 4222 1729 4272 dicis
1751 4225 1917 4287 gratia
1948 4222 2313 4273 numerationis
2352 4221 2463 4268 loco
2498 4218 2577 4269 in-

1521 4298 1834 4361 tercederet,
1868 4301 2152 4361 proesertitu
2196 4298 2247 4346 iu
2288 4294 2583 4345 donationi—
