3210 4941
1150 445 1211 491 c.
1261 443 1507 492 mim
1556 443 1910 494 stonum.
1942 451 1948 458 ·
2443 430 2622 502 58&

434 585 578 646 linio
606 599 945 646 successere
968 585 1069 646 Jo.
1092 587 1404 662 Caesarius,
1450 591 1593 652 Des.
1625 593 1922 663 Erasmus,
1952 590 2234 668 Angelus,
2261 599 2320 650 et
2347 593 2450 671 qui
2475 596 2616 656 nulli

434 679 699 740 doctrina
752 680 1013 752 inferior,
1066 683 1335 744 modeste
1378 705 1577 746 verum
1625 706 1840 746 nomen
1887 686 1986 745 illo
2047 693 2065 720 ‘
2085 685 2402 746 Bellocirii'
2450 691 2614 764 texit,

438 774 645 834 Petrus
678 775 991 838 Danesius.

436 911 445 923 ·
516 877 671 938 1492
700 884 763 931 et
794 879 945 941 1493
994 872 1425 950 Castigationes
1455 874 1736 934 Pliniauae
1759 876 2054 934 Hermoiai
2085 874 2348 947 Barbari,
2381 878 2608 951 Romae,

436 964 541 1023 fol.
607 969 805 1042 Atque
836 967 929 1026 bai
966 978 1101 1026 sunt
1134 969 1359 1044 primoe'
1383 967 1698 1039 Hermolai‚
1736 971 1838 1046 qui
1881 970 2202 1031 Plinianum
2245 990 2398 1049 opus
2427 982 2550 1032 tum
2578 993 2611 1034 e

432 1059 597 1118 libris
624 1061 879 1137 scriptis,
910 1072 1033 1121 tum
1058 1063 1307 1122 maxime
1332 1083 1403 1122 en
1426 1063 1679 1140 ingenio,
1729 1063 1768 1122 i.
1797 1082 1853 1122 e.
1875 1085 1948 1124 ex
1977 1064 2245 1125 doctrina
2271 1076 2331 1124 et
2367 1068 2614 1130 scientia

431 1173 646 1224 rerum,
676 1175 709 1213 e
736 1155 1116 1233 scriptoribus
1144 1158 1343 1217 Graec.
1372 1167 1433 1218 et
1460 1159 1592 1218 Lat.
1617 1169 1978 1235 comparata,
2002 1160 2284 1238 castigare
2310 1161 2577 1224 instituit.

520 1257 673 1318 1493
717 1249 927 1326 Ejusd.
956 1253 1381 1330 castigationes
1427 1253 1700 1313 Plinianae
1729 1252 2040 1313 secundas:
2085 1255 2151 1314 it.
2179 1256 2512 1317 emendatio
2551 1260 2612 1320 in

434 1343 826 1422 Pomponium
861 1347 1121 1407 Melam:
1165 1348 1233 1408 it.
1264 1349 1555 1408 Obscurus
1584 1367 1758 1408 voces
1795 1349 1852 1407 in
1883 1347 2022 1408 cod.
2049 1348 2316 1409 Pliniano
2345 1369 2482 1412 cum
2509 1373 2612 1414 ex-

434 1439 847 1514 positionibus.
928 1443 1157 1515 Romae,
1186 1451 1313 1521 typ.
1345 1443 1642 1514 Eucharii,
1670 1442 1776 1504 fol.

516 1534 611 1592 De
637 1535 1118 1614 castigationibus
1147 1539 1349 1598 Herm.
1370 1538 1553 1596 ‘Barb.
1576 1538 2009 1597 accuratissime
2029 1538 2308 1609 omnium,
2338 1559 2487 1616 quos
2507 1561 2616 1602 nos

436 1627 675 1705 quidem
730 1630 1007 1702 sciamus,
1046 1632 1167 1708 egit
1209 1632 1533 1709 Apostolus
1572 1633 1766 1691 Zenus
1813 1633 1868 1690 in
1899 1633 2056 1692 Diss.
2091 1633 2383 1694 Vossianis
2431 1636 2499 1695 P.
2529 1651 2613 1695 11.

434 1741 501 1800 p.
530 1729 673 1791 371.
756 1724 1173 1803 Reprehensos
1218 1736 1311 1785 est
1354 1745 1389 1786 a
1432 1728 1722 1804 pluribus,
1777 1737 1838 1786 ut
1889 1727 2197 1797 Rlienano,
2245 1728 2304 1786 in
2344 1729 2508 1804 praef.
2537 1730 2614 1792 ad

438 1817 791 1876 Massurium
825 1820 881 1879 in
911 1821 981 1880 L.
1011 1837 1111 1881 lx.
1142 1821 1337 1889 Plinii.
1384 1822 1549 1898 quod
1582 1821 1761 1880 libros
1791 1820 2036 1896 scriptos
2063 1840 2182 1879 non
2207 1823 2346 1880 satis
2369 1823 2614 1902 diligen-

436 1919 525 1970 ter
546 1913 865 1992 inspexerit
888 1936 905 1983 ;
932 1916 1090 1994 quod
1110 1935 1226 1976 non
1256 1935 1567 1992 negamus:
1596 1926 1657 1976 at
1685 1915 1778 1976 ille
1807 1915 1866 1974 in
1895 1914 2238 1992 praefatione
2267 1917 2342 1976 ad
2365 1919 2614 1978 Alexan-

434 2005 603 2066 drum
634 2008 759 2084 ipse
788 2010 955 2083 dicit,
982 2031 1045 2070 se
1084 2012 1329 2070 maxime
1354 2030 1389 2070 e
1417 2010 1802 2089 scriptoribus
1830 2010 2129 2070 veteribus
2158 2012 2386 2072 Graecis
2411 2023 2474 2072 et
2501 2014 2614 2074 La-

433 2103 565 2162 tinis
592 2105 943 2176 correxisse·
988 2118 1047 2166 et
1076 2102 1309 2166 videtur
1332 2108 1573 2166 codices
1602 2117 1826 2166 veteres
1855 2116 1916 2164 et
1959 2106 2146 2165 bonos
2187 2108 2448 2168 nancisci
2495 2129 2614 2169 non

434 2200 719 2274 potuisse.
804 2201 917 2260 11ae
958 2201 1375 2278 castigationes
1422 2203 1734 2280 aliquoties
1789 2202 2054 2278 repetita
2107 2213 2244 2261 sunt
2271 2204 2614 2276 Mediolani,

438 2293 704 2362 Basileae,
737 2298 856 2353 ὅτε.

520 2386 675 2457 1496
720 2389 941 2448 Veneta
986 2388 1087 2448 fol.
1138 2409 1273 2450 cum
1325 2391 1620 2468 castigatt.
1667 2353 1870 2450 Herm.
1905 2391 2148 2452 Barbari
2190 2409 2300 2468 per
2346 2393 2614 2456 Barthol.

432 2481 511 2541 de
538 2483 735 2543 Zanis.
1886 2532 1892 2539 .

436 2623 443 2631 .
521 2586 675 2648 1497
721 2580 965 2650 Veneta,
1010 2578 1170 2656 apud
1214 2579 1567 2639 Bernardum
1599 2580 1926 2651 Benalium,
1971 2600 2046 2639 ex
2071 2580 2428 2641 correctione
2469 2582 2616 2641 Her-

432 2672 613 2731 molai
644 2672 905 2743 Barbari,
933 2672 1041 2731 fol.

516 2775 673 2837 1498
714 2768 943 2825 Veneta
966 2766 1067 2823 fol.
1096 2785 1195 2841 ap.
1221 2766 1495 2825 Bernard.
1523 2768 1864 2828 Benalium.·
1935 2770 2086 2845 Rep.
2117 2769 2215 2827 ed.
2247 2770 2475 2846 prioris.

514 2894 597 2905 —
638 2862 861 2919 Veneta
909 2860 1008 2918 fol.
1068 2880 1201 2919 cum
1254 2859 1483 2937 praefat.
1534 2861 1822 2919 Palmarii.
1908 2862 1990 2919 Ut
2029 2881 2102 2918 ex
2153 2862 2386 2937 praefat.
2426 2872 2615 2940 patet,

436 2954 603 3014 basin
631 2954 773 3013 fecit
802 2954 1079 3013 Venetam
1112 2970 1193 3013 11.
1224 2953 1263 3013 i.
1284 2974 1337 3012 e.
1365 2954 1629 3025 Jensoni,
1649 2955 1921 3031 exemplo
1946 2954 2264 3025 Hermolai,
2291 2967 2616 3017 correctam

430 3051 507 3109 ad
534 3049 787 3109 rationes
810 3049 1129 3119 Hermolai,
1148 3049 1247 3107 sed
1278 3048 1525 3107 maxime
1544 3048 1620 3107 ad
1644 3052 1862 3109 Mstum
1883 3049 2092 3107 librum
2119 3050 2614 3122 Barba-iniurium,

430 3144 491 3203 in
514 3144 769 3219 margine
800 3142 975 3203 etiam
1004 3142 1219 3201 additis
1240 3143 1734 3202 annotatiunculis
1759 3144 1834 3203 ad
1863 3143 2144 3203 lectiones
2173 3145 2616 3220 pertinentibus.

429 3239 549 3297 Sed
579 3258 650 3297 ea
679 3238 863 3299 editio
890 3238 1123 3315 proprie
1151 3247 1244 3299 est
1270 3237 1537 3313 repetitio
1568 3238 1808 3297 Venetae
1835 3257 1988 3298 anno
2026 3246 2197 3305 1472.

512 3364 595 3377 —
632 3332 943 3392 Brixiensis
972 3348 1051 3391 11.
1094 3332 1197 3391 fol.
1240 3350 1275 3391 e
1302 3332 1787 3410 castigationibus
1837 3332 2131 3392 Hermolai
2175 3308 2434 3402 Barbari,
2481 3354 2616 3394 cum

433 3429 653 3489 notulis
680 3428 1027 3506 quibusdam
1062 3428 1476 3505 marginalibus
1504 3447 1680 3489 manu
1699 3428 1866 3487 Guil.
1891 3427 2173 3486 Pellicerii
2189 3428 2386 3504 Episc.
2412 3430 2616 3489 Mons·
2683 3440 2690 3447 '

433 3523 705 3601 peliensis
734 3524 952 3601 passim
982 3523 1259 3593 exaratis,
1288 3523 1345 3583 in
1384 3523 1589 3583 decem
1620 3522 1740 3581 fere
1768 3523 1988 3600 priores
2029 3522 2228 3582 libros.
2313 3524 2462 3583 Haee
2493 3526 2616 3585 edi-

434 3618 518 3676 tio
546 3618 601 3675 in
630 3618 793 3675 calce
820 3636 874 3677 a.
912 3617 1085 3689 1496.
1130 3619 1405 3679 exbibet:
1448 3617 1507 3677 in
1548 3636 1670 3694 quo
1701 3618 1898 3676 vitium
1929 3617 2010 3677 sit
2055 3636 2296 3677 necesse
2323 3625 2438 3689 est,
2479 3620 2619 3697 quia

434 3712 767 3771 Benalianoe
813 3712 1067 3787 vestigiis
1107 3713 1361 3773 incedit:
1406 3713 1752 3789 videturque
1796 3712 1892 3771 ille
1934 3730 2118 3771 annus
2162 3721 2381 3772 temere
2422 3733 2495 3771 ex
2522 3714 2619 3775 ed.

433 3808 625 3884 prima
650 3806 867 3867 ductus
888 3825 1059 3875 esse3
1102 3808 1207 3864 nisi
1236 3807 1293 3865 in
1317 3816 1441 3866 tota
1468 3826 1529 3865 re
1560 3805 1720 3863 fraus
1746 3816 1858 3878 est,
1905 3815 1969 3865 ut
1997 3806 2248 3867 videtur.

519 3908 673 3971 1499
712 3900 959 3959 Naturae
988 3900 1353 3963 historiarum
1402 3899 1534 3959 libri
1582 3915 1871 3961 xxxvu.
1899 3920 1934 3958 e
1962 3901 2444 3977 castigationibus
2470 3902 2617 3963 Her·

434 3995 610 4055 ruolai
660 3994 926 4063 Barbari,
973 4012 1151 4071 quam
1200 3994 1657 4053 emendatissimi
1712 3992 1878 4052 editi.
1975 3995 2043 4052 ln
2091 3993 2284 4055 ealce·
2346 3996 2616 4071 Impressi

432 4090 713 4150 venetiis
740 4108 848 4167 per
870 4090 968 4149 Jo.
997 4088 1279 4149 Alvisium
1308 4090 1383 4147 de
1412 4087 1639 4149 Varisio
1669 4086 2186 4159 Mediolanensem,
2223 4098 2399 4159 1499.
2427 4090 2486 4148 d.
2521 4098 2616 4151 18.

432 4184 599 4248 Maii.
620 4184 745 4245 ΕοΙ.
828 4184 999 4245 Hanc
1028 4183 1170 4247 edit.
1203 4184 1431 4245 curavit
1456 4184 1553 4245 Jo.
1567 4184 1763 4270 sapt.
1791 4182 2131 4257 Palmarius,
2163 4182 2474 4245 Harduino
2499 4204 2617 4289 non

436 4276 777 4355 inspectam.
