3210 4941
633 840 1330 933 NOTITIA
1417 842 2344 936 LITERARIA

1442 1124 1534 1168 1)ss

838 1352 941 1429 C·
1013 1354 1442 1431 PLINIO
1517 1354 2136 1433 SECUNDO.

693 1594 782 1645 Ex
821 1596 923 1645 JO.
964 1594 1117 1644 ALB.
1151 1596 1465 1646 FABRICII
1503 1596 1973 1648 BIBLIOTHECA
2011 1596 2290 1653 LATINA‚

540 1690 587 1738 A
624 1691 721 1741 JO.
757 1692 922 1742 AUG.
962 1691 1254 1743 ERNESTI
1295 1694 1587 1745 AUCTIUS
1626 1694 1856 1761 EDITA,
1891 1694 2059 1745 ΤΟΜ.
2079 1694 2151 1742 11.
2186 1692 2333 1743 CAP.
2355 1698 2438 1745 13.

1270 2048 1478 2109 Plinii
1503 2050 1701 2111 AEtas.

397 2159 518 2267 C·
551 2184 840 2245 PLINIUS
871 2187 1270 2257 SECUNDUS,
1301 2189 1654 2249 Veronensis
1694 2208 1769 2247 an
1815 2188 2281 2249 Novocomensis
2320 2182 2516 2257 fuerit,
2545 2205 2583 2245 a

398 2279 596 2342 multis
621 2282 984 2358 disputatum
1011 2293 1124 2355 est,
1155 2283 1324 2343 initio
1351 2283 1516 2345 facto
1546 2304 1654 2362 per
1681 2286 1969 2345 joannem
1998 2282 2435 2361 Presbyterum,
2464 2282 2581 2341 Eo-

397 2372 594 2433 elesiae
624 2377 968 2435 Veronensis
999 2378 1474 2449 Mansionarium,
1502 2380 1604 2459 qui
1633 2396 1767 2437 eum
1788 2380 2179 2437 veronensem
2209 2376 2388 2436 feeit:
2431 2394 2581 2455 quos

397 2469 573 2549 longa
603 2473 747 2531 serie
778 2484 1078 2532 enumerat
1119 2475 1490 2534 Rezzonicus
1520 2476 1593 2534 V.
1628 2475 1719 2534 Ill.
1768 2475 2023 2552 Disquis.
2054 2472 2367 2532 Plinianar.
2392 2472 2501 2532 lib.
2534 2489 2581 2534 1.

397 2565 522 2642 ipse
567 2586 674 2644 pro
704 2567 1077 2640 Novocomo,
1107 2579 1290 2640 recte,
1321 2580 1384 2628 ut
1423 2570 1591 2630 nobis
1622 2571 1875 2637 videtur,
1902 2569 2184 2630 decernit.
2249 2569 2441 2628 Natus
2469 2566 2583 2626 sub

393 2663 656 2734 Tiberio,
685 2667 762 2724 A.
790 2665 860 2724 C.
892 2673 991 2725 23.
1033 2675 1104 2726 ut
1129 2666 1318 2726 eidem
1347 2666 1615 2728 videtur:
1660 2686 1791 2726 nam
1813 2685 1919 2724 nec
1950 2666 2007 2724 in
2038 2665 2152 2723 hoc
2179 2663 2583 2724 consentiunt:

399 2756 513 2815 sub
543 2756 795 2818 Claudio
825 2758 1117 2839 stipendia
1143 2759 1279 2818 fecit
1297 2762 1356 2819 in
1386 2762 1727 2829 Germania,
1745 2762 1857 2818 sub
1878 2761 2111 2820 Nerone
2138 2770 2197 2818 et
2220 2759 2584 2836 Vespasiano

397 2852 564 2910 varia
589 2871 832 2912 munera
859 2852 1104 2930 publica.
1130 2852 1577 2924 administravit,
1624 2864 1972 2931 procurator
1996 2855 2247 2931 primum
2274 2852 2333 2910 in
2368 2855 2585 2931 Hispa-

397 2944 515 3022 nia,
567 2946 781 3008 deinde
825 2947 1150 3008 Praefectus
1191 2949 1412 3008 Classis
1459 2948 1833 3008 Misenensis.
1918 2949 2049 3007 Neo
2095 2946 2287 3006 minus
2316 2947 2587 3008 omnibus

400 3043 738 3104 liberalibus
766 3043 1096 3121 disciplinis
1123 3044 1422 3122 insigniter
1451 3046 1745 3114 excultus,
1777 3044 2125 3122 Epicureus,
2142 3042 2439 3120 dogmate,
2466 3060 2586 3100 non

401 3139 685 3209 moribus,
727 3139 1028 3216 diligentia
1055 3139 1386 3199 incredibili
1431 3150 1490 3198 et
1541 3139 1873 3199 eruditione
1912 3136 2271 3209 admiranda,
2301 3149 2439 3213 post
2464 3137 2585 3195 ela-

401 3233 610 3294 borata
653 3235 905 3312 plurima
949 3233 1387 3294 immortalitate
1433 3234 1775 3312 dignissima
1821 3233 2137 3303 volumina,
2187 3251 2323 3290 cum
2370 3231 2587 3292 Miseni

397 3349 580 3410 agens
603 3330 678 3390 ad
711 3329 1051 3390 Vesuvium¹
1105 3341 1380 3400 montem,
1421 3329 1645 3390 fumum
1692 3340 1755 3388 et
1800 3330 1964 3406 ignes
2002 3345 2271 3387 evomere
2307 3325 2587 3403 incipien-

399 3437 538 3500 tem,
593 3424 1026 3503 cognoscenda}
1080 3425 1162 3484 rei
1217 3423 1548 3502 eupiditate
1597 3423 1843 3504 propius
1886 3421 2247 3489 accessisset,
2298 3438 2373 3479 ex
2420 3417 2587 3478 fumo

399 3521 576 3581 nubis
603 3539 636 3580 e
663 3529 864 3580 monte
894 3530 1062 3588 ortoe,
1091 3518 1302 3599 spiritu
1339 3517 1676 3590 obstructo,
1721 3517 2042 3596 clausoque
2078 3515 2408 3583 stomacho,
2437 3513 2589 3572 obiit

401 3617 513 3675 sub
539 3615 680 3676 Tito
709 3618 863 3693 Imp.
891 3635 1042 3675 anno
1069 3616 1260 3675 aetatis
1290 3625 1460 3676 sexto
1489 3623 1552 3676 et
1580 3613 2064 3695 quinquagesimo
2091 3630 2145 3672 a.
2167 3609 2230 3667 d.
2260 3624 2419 3668 vul.
2450 3607 2585 3668 Kal.

404 3710 574 3787 Sept.
658 3709 854 3769 Vitam
883 3719 944 3768 et
969 3729 1062 3769 res
1088 3709 1256 3768 Plinii
1285 3720 1420 3789 post
1446 3709 1694 3770 Plinium
1722 3707 2020 3768 Juniorem
2052 3705 2251 3784 plures
2279 3701 2587 3780 scripsere.

474 3909 490 3939 ¹
528 3907 656 3958 Vide
691 3907 820 3956 Ptin.
839 3907 1058 3957 Junioris
1095 3907 1254 3972 Epist-
1285 3922 1357 3956 vr.
1381 3911 1464 3956 lo.
1541 3907 1659 3955 dum
1678 3905 1819 3954 nimis
1840 3903 2022 3953 curiose
2044 3900 2206 3952 AEtnae
2238 3902 2457 3952 incendia
2480 3917 2591 3965 spe·

408 3979 458 4020 et
481 3976 563 4022 80.
597 3971 662 4020 ad
700 3971 936 4030 Tacitum,
970 3979 1021 4019 et
1061 3979 1300 4019 auctorem
1333 3970 1462 4026 vitre,
1543 3970 1751 4030 culatur,
1784 3982 1879 4014 uno
1921 3981 1985 4014 ex
2022 3966 2295 4028 ingentibus
2337 3967 2591 4029 lapidibus,

407 4051 600 4084 necnon
639 4035 910 4098 Baptistam
943 4035 1196 4097 Fulgomn
1235 4047 1464 4082 memora-
1543 4047 1665 4095 (μοι
1680 4031 1853 4079 montis
1869 4045 2044 4091 vorago
2064 4031 2115 4076 in
2134 4031 2307 4078 colum
2324 4030 2591 4085 emittebat.

407 4099 574 4149 biliam
621 4115 740 4148 vru-
775 4105 824 4150 7.
913 4132 926 4147 .
969 4103 1084 4148 605.
1135 4098 1366 4146 Similiter
1401 4098 1464 4146 de
1544 4097 1604 4145 ad
1629 4103 1773 4158 capnt
1806 4093 1915 4157 ejus
1946 4093 2059 4142 dela
2150 4128 2165 4150 ‚
2194 4095 2365 4142 misere
2400 4107 2587 4166 perem-

407 4163 664 4212 Francisco
681 4163 849 4226 Nigro,
905 4163 1095 4211 latiensi
1109 4161 1291 4224 Siculo,
1303 4159 1464 4208 Medi·
1543 4169 1664 4208 tum.
1753 4157 1993 4205 Antonius
2111 4158 2297 4221 ongitor
2354 4155 2588 4204 Biblioth-

403 4241 462 4275 eo
481 4243 538 4278 ao
567 4227 866 4293 Philosopho
883 4227 1239 4290 traditur,bunc
1259 4241 1306 4274 a.
1321 4229 1466 4275 16⁸⁷.
1541 4223 1717 4274 Siculo
1732 4221 1793 4272 Τ.
1812 4238 1851 4271 r·
1881 4236 1933 4285 p.
1955 4225 2071 4272 2⁸1.
