<?xml version="1.0" encoding="UTF-8"?>
<!DOCTYPE html PUBLIC "-//W3C//DTD XHTML 1.0 Transitional//EN"
    "http://www.w3.org/TR/xhtml1/DTD/xhtml1-transitional.dtd">
<html xmlns="http://www.w3.org/1999/xhtml" xml:lang="en" lang="en">
 <head>
  <title>
</title>
<meta http-equiv="Content-Type" content="text/html;charset=utf-8" />
  <meta name='ocr-system' content='tesseract 3.04.00' />
  <meta name='ocr-capabilities' content='ocr_page ocr_carea ocr_par ocr_line ocrx_word'/>
</head>
<body>
  <div class='ocr_page' id='page_1' title='image "./naturalishistor00eldegoog_0458.png"; bbox 0 0 3210 4941; ppageno 0'>
   <div class='ocr_carea' id='block_1_1' title="bbox 615 411 2123 480">
    <p class='ocr_par' dir='ltr' id='par_1_1' title="bbox 615 411 2123 480">
     <span class='ocr_line' id='line_1_1' title="bbox 615 411 2123 480; baseline -0.003 -7"><span class='ocrx_word' id='word_1_1' title='bbox 615 411 789 480; x_wconf 69' lang='lat'><strong>3866</strong></span> <span class='ocrx_word' id='word_1_2' title='bbox 1258 421 1644 480; x_wconf 71' lang='lat' dir='ltr'><strong>aecensus</strong></span> <span class='ocrx_word' id='word_1_3' title='bbox 1697 418 2123 470; x_wconf 66' lang='lat' dir='ltr'><strong>emmonim</strong></span> 
     </span>
    </p>
   </div>
   <div class='ocr_carea' id='block_1_2' title="bbox 618 563 2823 3504">
    <p class='ocr_par' dir='ltr' id='par_1_2' title="bbox 622 563 2820 1030">
     <span class='ocr_line' id='line_1_2' title="bbox 622 563 2820 644; baseline -0.004 -10"><span class='ocrx_word' id='word_1_4' title='bbox 622 574 803 634; x_wconf 82' lang='lat' dir='ltr'><strong>dicit:</strong></span> <span class='ocrx_word' id='word_1_5' title='bbox 849 576 867 606; x_wconf 77' lang='lat'><strong><em>⁴</em></strong></span> <span class='ocrx_word' id='word_1_6' title='bbox 894 571 1135 631; x_wconf 80' lang='lat' dir='ltr'><strong>Utinam</strong></span> <span class='ocrx_word' id='word_1_7' title='bbox 1176 568 1498 628; x_wconf 76' lang='lat' dir='ltr'><strong>Academia</strong></span> <span class='ocrx_word' id='word_1_8' title='bbox 1536 565 1879 626; x_wconf 78' lang='lat' dir='ltr'><strong>Parisiensie</strong></span> <span class='ocrx_word' id='word_1_9' title='bbox 1919 573 2007 624; x_wconf 91' lang='lat' dir='ltr'><strong>tot</strong></span> <span class='ocrx_word' id='word_1_10' title='bbox 2057 565 2296 625; x_wconf 73' lang='lat' dir='ltr'><strong>liaberet</strong></span> <span class='ocrx_word' id='word_1_11' title='bbox 2335 563 2617 635; x_wconf 79' lang='lat' dir='ltr'><strong>eruditos,</strong></span> <span class='ocrx_word' id='word_1_12' title='bbox 2663 574 2820 644; x_wconf 80' lang='lat' dir='ltr'><strong>quot</strong></span> 
     </span>
     <span class='ocr_line' id='line_1_3' title="bbox 622 660 2814 746; baseline -0.004 -18"><span class='ocrx_word' id='word_1_13' title='bbox 622 667 799 728; x_wconf 77' lang='lat' dir='ltr'><strong>babet</strong></span> <span class='ocrx_word' id='word_1_14' title='bbox 819 667 949 746; x_wconf 80' lang='lat' dir='ltr'><strong>jam</strong></span> <span class='ocrx_word' id='word_1_15' title='bbox 977 663 1483 744; x_wconf 64' lang='lat' dir='ltr'><strong>chalcographoa!</strong></span> <span class='ocrx_word' id='word_1_16' title='bbox 1532 661 1670 720; x_wconf 86' lang='lat' dir='ltr'><strong>-Nec</strong></span> <span class='ocrx_word' id='word_1_17' title='bbox 1703 661 1894 720; x_wconf 80' lang='lat' dir='ltr'><strong>minus</strong></span> <span class='ocrx_word' id='word_1_18' title='bbox 1923 662 2205 734; x_wconf 84' lang='lat' dir='ltr'><strong>mirabile,</strong></span> <span class='ocrx_word' id='word_1_19' title='bbox 2237 660 2398 741; x_wconf 88' lang='lat' dir='ltr'><strong>quod</strong></span> <span class='ocrx_word' id='word_1_20' title='bbox 2427 661 2814 721; x_wconf 76' lang='lat' dir='ltr'><strong>Hermolaum</strong></span> 
     </span>
     <span class='ocr_line' id='line_1_4' title="bbox 624 755 2816 835; baseline -0.004 -12"><span class='ocrx_word' id='word_1_21' title='bbox 624 763 946 823; x_wconf 85' lang='lat' dir='ltr'><strong>Barbarum</strong></span> <span class='ocrx_word' id='word_1_22' title='bbox 990 761 1187 821; x_wconf 81' lang='lat' dir='ltr'>dicere</span> <span class='ocrx_word' id='word_1_23' title='bbox 1224 761 1453 819; x_wconf 80' lang='lat' dir='ltr'><strong>solitum</strong></span> <span class='ocrx_word' id='word_1_24' title='bbox 1500 757 1715 816; x_wconf 82' lang='lat' dir='ltr'><strong>tradit:</strong></span> <span class='ocrx_word' id='word_1_25' title='bbox 1761 763 1780 792; x_wconf 88' lang='lat'>‘</span> <span class='ocrx_word' id='word_1_26' title='bbox 1811 756 1933 825; x_wconf 83' lang='lat' dir='ltr'><strong>Qui</strong></span> <span class='ocrx_word' id='word_1_27' title='bbox 1974 755 2223 815; x_wconf 79' lang='lat' dir='ltr'><strong>Plinium</strong></span> <span class='ocrx_word' id='word_1_28' title='bbox 2257 775 2370 817; x_wconf 88' lang='lat' dir='ltr'><strong>non</strong></span> <span class='ocrx_word' id='word_1_29' title='bbox 2403 757 2566 835; x_wconf 88' lang='lat' dir='ltr'><strong>legit,</strong></span> <span class='ocrx_word' id='word_1_30' title='bbox 2601 767 2694 816; x_wconf 84' lang='lat' dir='ltr'><strong>est</strong></span> <span class='ocrx_word' id='word_1_31' title='bbox 2719 758 2816 814; x_wconf 88' lang='lat' dir='ltr'><strong>in·</strong></span> 
     </span>
     <span class='ocr_line' id='line_1_5' title="bbox 624 851 2817 934; baseline -0.004 -16"><span class='ocrx_word' id='word_1_32' title='bbox 624 857 879 919; x_wconf 82' lang='lat' dir='ltr'><strong>doctus:</strong></span> <span class='ocrx_word' id='word_1_33' title='bbox 925 857 1025 934; x_wconf 86' lang='lat' dir='ltr'><strong>qui</strong></span> <span class='ocrx_word' id='word_1_34' title='bbox 1054 856 1269 915; x_wconf 86' lang='lat' dir='ltr'><strong>lectum</strong></span> <span class='ocrx_word' id='word_1_35' title='bbox 1301 854 1638 922; x_wconf 88' lang='lat' dir='ltr'><strong>contemnit,</strong></span> <span class='ocrx_word' id='word_1_36' title='bbox 1684 851 2011 911; x_wconf 82' lang='lat' dir='ltr'>indoctior:</span> <span class='ocrx_word' id='word_1_37' title='bbox 2057 851 2509 924; x_wconf 77' lang='lat' dir='ltr'><strong>indoctissimus,</strong></span> <span class='ocrx_word' id='word_1_38' title='bbox 2553 851 2648 912; x_wconf 90' lang='lat' dir='ltr'><strong>cui</strong></span> <span class='ocrx_word' id='word_1_39' title='bbox 2694 871 2817 910; x_wconf 80' lang='lat' dir='ltr'><strong>non</strong></span> 
     </span>
     <span class='ocr_line' id='line_1_6' title="bbox 626 947 2332 1030; baseline -0.004 -18"><span class='ocrx_word' id='word_1_40' title='bbox 626 953 822 1030; x_wconf 61' lang='lat' dir='ltr'><strong>sapit)</strong></span> <span class='ocrx_word' id='word_1_41' title='bbox 856 991 863 996; x_wconf 89' lang='lat'>-</span> <span class='ocrx_word' id='word_1_42' title='bbox 900 951 1097 1010; x_wconf 84' lang='lat' dir='ltr'><strong>Habet</strong></span> <span class='ocrx_word' id='word_1_43' title='bbox 1124 969 1192 1008; x_wconf 82' lang='lat' dir='ltr'><strong>ea</strong></span> <span class='ocrx_word' id='word_1_44' title='bbox 1222 948 1403 1008; x_wconf 89' lang='lat' dir='ltr'><strong>editio</strong></span> <span class='ocrx_word' id='word_1_45' title='bbox 1432 949 1623 1007; x_wconf 82' lang='lat' dir='ltr'><strong>varias</strong></span> <span class='ocrx_word' id='word_1_46' title='bbox 1648 947 1934 1006; x_wconf 81' lang='lat' dir='ltr'><strong>lectiones</strong></span> <span class='ocrx_word' id='word_1_47' title='bbox 1961 950 2016 1005; x_wconf 90' lang='lat' dir='ltr'><strong>in</strong></span> <span class='ocrx_word' id='word_1_48' title='bbox 2049 949 2332 1026; x_wconf 75' lang='lat' dir='ltr'><strong>margine.</strong></span> 
     </span>
    </p>

    <p class='ocr_par' dir='ltr' id='par_1_3' title="bbox 618 1042 2814 1212">
     <span class='ocr_line' id='line_1_7' title="bbox 710 1042 2814 1122; baseline -0.002 -16"><span class='ocrx_word' id='word_1_49' title='bbox 710 1057 865 1110; x_wconf 83' lang='lat'>1530</span> <span class='ocrx_word' id='word_1_50' title='bbox 904 1046 1081 1105; x_wconf 80' lang='lat' dir='ltr'><strong>Basil.</strong></span> <span class='ocrx_word' id='word_1_51' title='bbox 1114 1045 1213 1104; x_wconf 76' lang='lat' dir='ltr'><strong>fol.</strong></span> <span class='ocrx_word' id='word_1_52' title='bbox 1256 1065 1359 1122; x_wconf 83' lang='lat' dir='ltr'><strong>per</strong></span> <span class='ocrx_word' id='word_1_53' title='bbox 1386 1046 1632 1102; x_wconf 87' lang='lat' dir='ltr'><strong>Beatum</strong></span> <span class='ocrx_word' id='word_1_54' title='bbox 1663 1043 2031 1103; x_wconf 75' lang='lat' dir='ltr'>Rhenanam.</span> <span class='ocrx_word' id='word_1_55' title='bbox 2106 1044 2300 1104; x_wconf 86' lang='lat' dir='ltr'><strong>Ducta</strong></span> <span class='ocrx_word' id='word_1_56' title='bbox 2326 1053 2419 1104; x_wconf 84' lang='lat' dir='ltr'><strong>est</strong></span> <span class='ocrx_word' id='word_1_57' title='bbox 2447 1045 2575 1104; x_wconf 82' lang='lat' dir='ltr'><strong>hoec</strong></span> <span class='ocrx_word' id='word_1_58' title='bbox 2605 1042 2814 1116; x_wconf 85' lang='lat' dir='ltr'><strong>editio,</strong></span> 
     </span>
     <span class='ocr_line' id='line_1_8' title="bbox 618 1139 2115 1212; baseline -0.003 -10"><span class='ocrx_word' id='word_1_59' title='bbox 618 1153 695 1202; x_wconf 85' lang='lat' dir='ltr'><strong>ut</strong></span> <span class='ocrx_word' id='word_1_60' title='bbox 718 1151 926 1201; x_wconf 78' lang='lat' dir='ltr'><strong>ceterae</strong></span> <span class='ocrx_word' id='word_1_61' title='bbox 956 1141 1333 1212; x_wconf 78' lang='lat' dir='ltr'><strong>Basileenses,</strong></span> <span class='ocrx_word' id='word_1_62' title='bbox 1364 1159 1435 1200; x_wconf 80' lang='lat' dir='ltr'><strong>ex</strong></span> <span class='ocrx_word' id='word_1_63' title='bbox 1467 1139 1565 1199; x_wconf 87' lang='lat' dir='ltr'><strong>illa</strong></span> <span class='ocrx_word' id='word_1_64' title='bbox 1592 1140 1818 1198; x_wconf 79' lang='lat' dir='ltr'><strong>Erasini</strong></span> <span class='ocrx_word' id='word_1_65' title='bbox 1845 1158 1902 1199; x_wconf 87' lang='lat' dir='ltr'><strong>a.</strong></span> <span class='ocrx_word' id='word_1_66' title='bbox 1939 1145 2115 1201; x_wconf 77' lang='lat'><strong>1525.</strong></span> 
     </span>
    </p>

    <p class='ocr_par' dir='ltr' id='par_1_4' title="bbox 620 1233 2821 2925">
     <span class='ocr_line' id='line_1_9' title="bbox 710 1233 2818 1310; baseline 0 -14"><span class='ocrx_word' id='word_1_67' title='bbox 710 1245 863 1299; x_wconf 79' lang='lat'>1532</span> <span class='ocrx_word' id='word_1_68' title='bbox 905 1238 1084 1296; x_wconf 80' lang='lat' dir='ltr'><strong>Paris.</strong></span> <span class='ocrx_word' id='word_1_69' title='bbox 1110 1237 1152 1295; x_wconf 87' lang='lat' dir='ltr'><strong>f.</strong></span> <span class='ocrx_word' id='word_1_70' title='bbox 1192 1244 1428 1296; x_wconf 77' lang='lat' dir='ltr'><strong>curante</strong></span> <span class='ocrx_word' id='word_1_71' title='bbox 1454 1235 1610 1294; x_wconf 86' lang='lat' dir='ltr'><strong>Petr.</strong></span> <span class='ocrx_word' id='word_1_72' title='bbox 1640 1233 1966 1304; x_wconf 87' lang='lat' dir='ltr'><strong>Bellocirio,</strong></span> <span class='ocrx_word' id='word_1_73' title='bbox 1993 1233 2172 1292; x_wconf 90' lang='lat' dir='ltr'><strong>editio</strong></span> <span class='ocrx_word' id='word_1_74' title='bbox 2199 1234 2372 1310; x_wconf 86' lang='lat' dir='ltr'><strong>longe</strong></span> <span class='ocrx_word' id='word_1_75' title='bbox 2396 1233 2818 1309; x_wconf 77' lang='lat' dir='ltr'><strong>pulcherrima.</strong></span> 
     </span>
     <span class='ocr_line' id='line_1_10' title="bbox 626 1328 2812 1409; baseline -0.001 -19"><span class='ocrx_word' id='word_1_76' title='bbox 626 1330 773 1407; x_wconf 79' lang='lat' dir='ltr'><strong>Ejus</strong></span> <span class='ocrx_word' id='word_1_77' title='bbox 829 1333 1087 1402; x_wconf 81' lang='lat' dir='ltr'><strong>brevem,</strong></span> <span class='ocrx_word' id='word_1_78' title='bbox 1132 1341 1196 1388; x_wconf 88' lang='lat' dir='ltr'><strong>at</strong></span> <span class='ocrx_word' id='word_1_79' title='bbox 1240 1330 1733 1409; x_wconf 76' lang='lat' dir='ltr'><strong>elegantissimam</strong></span> <span class='ocrx_word' id='word_1_80' title='bbox 1781 1328 2204 1406; x_wconf 76' lang='lat' dir='ltr'><strong>praefationem,</strong></span> <span class='ocrx_word' id='word_1_81' title='bbox 2253 1329 2402 1388; x_wconf 89' lang='lat' dir='ltr'><strong>bene</strong></span> <span class='ocrx_word' id='word_1_82' title='bbox 2451 1329 2612 1402; x_wconf 85' lang='lat' dir='ltr'><strong>fecit,</strong></span> <span class='ocrx_word' id='word_1_83' title='bbox 2672 1349 2812 1388; x_wconf 83' lang='lat' dir='ltr'><strong>cum</strong></span> 
     </span>
     <span class='ocr_line' id='line_1_11' title="bbox 626 1424 2814 1504; baseline -0.001 -19"><span class='ocrx_word' id='word_1_84' title='bbox 626 1436 810 1486; x_wconf 85' lang='lat' dir='ltr'><strong>totam</strong></span> <span class='ocrx_word' id='word_1_85' title='bbox 841 1426 1359 1504; x_wconf 78' lang='lat' dir='ltr'><strong>Disquisitionibus</strong></span> <span class='ocrx_word' id='word_1_86' title='bbox 1404 1427 1523 1484; x_wconf 85' lang='lat' dir='ltr'><strong>suis</strong></span> <span class='ocrx_word' id='word_1_87' title='bbox 1568 1425 1845 1484; x_wconf 82' lang='lat' dir='ltr'><strong>Plinianis</strong></span> <span class='ocrx_word' id='word_1_88' title='bbox 1885 1424 2130 1483; x_wconf 82' lang='lat' dir='ltr'><strong>inseruit</strong></span> <span class='ocrx_word' id='word_1_89' title='bbox 2163 1424 2254 1483; x_wconf 88' lang='lat' dir='ltr'><strong>Ill.</strong></span> <span class='ocrx_word' id='word_1_90' title='bbox 2285 1425 2648 1484; x_wconf 83' lang='lat' dir='ltr'><strong>Rezzouicus</strong></span> <span class='ocrx_word' id='word_1_91' title='bbox 2677 1446 2692 1483; x_wconf 74' lang='grc' dir='ltr'>ε</span> <span class='ocrx_word' id='word_1_92' title='bbox 2737 1443 2814 1484; x_wconf 81' lang='lat' dir='ltr'><strong>ex</strong></span> 
     </span>
     <span class='ocr_line' id='line_1_12' title="bbox 624 1517 2810 1600; baseline -0.001 -21"><span class='ocrx_word' id='word_1_93' title='bbox 624 1541 740 1600; x_wconf 83' lang='lat' dir='ltr'><strong>qua</strong></span> <span class='ocrx_word' id='word_1_94' title='bbox 769 1521 1129 1598; x_wconf 80' lang='lat' dir='ltr'><strong>intelligitur,</strong></span> <span class='ocrx_word' id='word_1_95' title='bbox 1182 1533 1314 1598; x_wconf 82' lang='lat' dir='ltr'><strong>post</strong></span> <span class='ocrx_word' id='word_1_96' title='bbox 1360 1521 1625 1594; x_wconf 84' lang='lat' dir='ltr'><strong>Barbari,</strong></span> <span class='ocrx_word' id='word_1_97' title='bbox 1675 1521 1772 1580; x_wconf 88' lang='lat' dir='ltr'><strong>cui</strong></span> <span class='ocrx_word' id='word_1_98' title='bbox 1801 1521 2113 1598; x_wconf 84' lang='lat' dir='ltr'><strong>plurimum</strong></span> <span class='ocrx_word' id='word_1_99' title='bbox 2147 1520 2370 1591; x_wconf 84' lang='lat' dir='ltr'><strong>tribuit,</strong></span> <span class='ocrx_word' id='word_1_100' title='bbox 2417 1519 2622 1580; x_wconf 77' lang='lat' dir='ltr'><strong>Budaei</strong></span> <span class='ocrx_word' id='word_1_101' title='bbox 2660 1517 2810 1578; x_wconf 82' lang='lat' dir='ltr'><strong>alio·</strong></span> 
     </span>
     <span class='ocr_line' id='line_1_13' title="bbox 622 1615 2817 1695; baseline -0.001 -19"><span class='ocrx_word' id='word_1_102' title='bbox 622 1635 870 1693; x_wconf 83' lang='lat' dir='ltr'><strong>rumque</strong></span> <span class='ocrx_word' id='word_1_103' title='bbox 896 1633 1132 1694; x_wconf 85' lang='lat' dir='ltr'><strong>operam</strong></span> <span class='ocrx_word' id='word_1_104' title='bbox 1184 1617 1421 1688; x_wconf 87' lang='lat' dir='ltr'><strong>bonam,</strong></span> <span class='ocrx_word' id='word_1_105' title='bbox 1474 1617 1652 1676; x_wconf 88' lang='lat' dir='ltr'><strong>multa</strong></span> <span class='ocrx_word' id='word_1_106' title='bbox 1694 1636 1826 1675; x_wconf 89' lang='lat' dir='ltr'><strong>eum</strong></span> <span class='ocrx_word' id='word_1_107' title='bbox 1873 1617 2098 1694; x_wconf 81' lang='lat' dir='ltr'><strong>reliqua</strong></span> <span class='ocrx_word' id='word_1_108' title='bbox 2147 1626 2404 1695; x_wconf 81' lang='lat' dir='ltr'><strong>putasse,</strong></span> <span class='ocrx_word' id='word_1_109' title='bbox 2451 1635 2584 1693; x_wconf 69' lang='lat' dir='ltr'><strong>qua».</strong></span> <span class='ocrx_word' id='word_1_110' title='bbox 2635 1615 2817 1674; x_wconf 80' lang='lat' dir='ltr'><strong>corri-</strong></span> 
     </span>
     <span class='ocr_line' id='line_1_14' title="bbox 624 1695 2812 1791; baseline 0 -22"><span class='ocrx_word' id='word_1_111' title='bbox 624 1712 814 1788; x_wconf 76' lang='lat' dir='ltr'><strong>genda</strong></span> <span class='ocrx_word' id='word_1_112' title='bbox 838 1711 1192 1783; x_wconf 77' lang='lat' dir='ltr'><strong>viderentur,</strong></span> <span class='ocrx_word' id='word_1_113' title='bbox 1238 1713 1553 1791; x_wconf 84' lang='lat' dir='ltr'><strong>ipsumque</strong></span> <span class='ocrx_word' id='word_1_114' title='bbox 1580 1713 1761 1771; x_wconf 85' lang='lat' dir='ltr'><strong>multa</strong></span> <span class='ocrx_word' id='word_1_115' title='bbox 1788 1695 2132 1785; x_wconf 77' lang='lat' dir='ltr'><strong>correxisse,</strong></span> <span class='ocrx_word' id='word_1_116' title='bbox 2189 1731 2324 1789; x_wconf 80' lang='lat' dir='ltr'><strong>quae</strong></span> <span class='ocrx_word' id='word_1_117' title='bbox 2352 1711 2476 1770; x_wconf 81' lang='lat' dir='ltr'><strong>ill&#39;os</strong></span> <span class='ocrx_word' id='word_1_118' title='bbox 2505 1709 2812 1788; x_wconf 76' lang='lat' dir='ltr'><strong>fugerant3</strong></span> 
     </span>
     <span class='ocr_line' id='line_1_15' title="bbox 625 1805 2818 1886; baseline -0 -21"><span class='ocrx_word' id='word_1_119' title='bbox 625 1806 787 1885; x_wconf 88' lang='lat' dir='ltr'><strong>quod</strong></span> <span class='ocrx_word' id='word_1_120' title='bbox 838 1808 925 1866; x_wconf 82' lang='lat' dir='ltr'><strong>vir</strong></span> <span class='ocrx_word' id='word_1_121' title='bbox 966 1808 1065 1866; x_wconf 91' lang='lat' dir='ltr'><strong>ille</strong></span> <span class='ocrx_word' id='word_1_122' title='bbox 1112 1807 1416 1868; x_wconf 74' lang='lat' dir='ltr'><strong>modestus</strong></span> <span class='ocrx_word' id='word_1_123' title='bbox 1466 1827 1675 1886; x_wconf 82' lang='lat' dir='ltr'><strong>magna</strong></span> <span class='ocrx_word' id='word_1_124' title='bbox 1723 1829 1860 1868; x_wconf 89' lang='lat' dir='ltr'><strong>cum</strong></span> <span class='ocrx_word' id='word_1_125' title='bbox 1895 1808 2322 1868; x_wconf 71' lang='lat' dir='ltr'><strong>asseveratione</strong></span> <span class='ocrx_word' id='word_1_126' title='bbox 2359 1805 2710 1866; x_wconf 83' lang='lat' dir='ltr'><strong>confirmat:</strong></span> <span class='ocrx_word' id='word_1_127' title='bbox 2753 1805 2818 1864; x_wconf 83' lang='lat' dir='ltr'><strong>in</strong></span> 
     </span>
     <span class='ocr_line' id='line_1_16' title="bbox 624 1901 2818 1980; baseline 0 -20"><span class='ocrx_word' id='word_1_128' title='bbox 624 1921 745 1980; x_wconf 85' lang='lat' dir='ltr'><strong>quo</strong></span> <span class='ocrx_word' id='word_1_129' title='bbox 774 1921 855 1973; x_wconf 79' lang='lat' dir='ltr'><strong>se,</strong></span> <span class='ocrx_word' id='word_1_130' title='bbox 899 1901 1001 1974; x_wconf 84' lang='lat' dir='ltr'><strong>ait,</strong></span> <span class='ocrx_word' id='word_1_131' title='bbox 1048 1901 1281 1962; x_wconf 88' lang='lat' dir='ltr'><strong>duobus</strong></span> <span class='ocrx_word' id='word_1_132' title='bbox 1309 1902 1573 1978; x_wconf 84' lang='lat' dir='ltr'><strong>adjutum</strong></span> <span class='ocrx_word' id='word_1_133' title='bbox 1622 1903 1966 1980; x_wconf 80' lang='lat' dir='ltr'><strong>pervetustis</strong></span> <span class='ocrx_word' id='word_1_134' title='bbox 2011 1901 2174 1960; x_wconf 85' lang='lat' dir='ltr'><strong>libris</strong></span> <span class='ocrx_word' id='word_1_135' title='bbox 2220 1903 2470 1979; x_wconf 75' lang='lat' dir='ltr'><strong>scriptis,</strong></span> <span class='ocrx_word' id='word_1_136' title='bbox 2519 1920 2624 1978; x_wconf 89' lang='lat' dir='ltr'><strong>pcr</strong></span> <span class='ocrx_word' id='word_1_137' title='bbox 2665 1921 2818 1979; x_wconf 84' lang='lat' dir='ltr'><strong>quos</strong></span> 
     </span>
     <span class='ocr_line' id='line_1_17' title="bbox 620 1995 2816 2074; baseline 0.001 -18"><span class='ocrx_word' id='word_1_138' title='bbox 620 1995 903 2067; x_wconf 78' lang='lat' dir='ltr'><strong>effecerit,</strong></span> <span class='ocrx_word' id='word_1_139' title='bbox 950 2009 1014 2056; x_wconf 91' lang='lat' dir='ltr'><strong>ut</strong></span> <span class='ocrx_word' id='word_1_140' title='bbox 1056 1999 1183 2056; x_wconf 82' lang='lat' dir='ltr'><strong>haec</strong></span> <span class='ocrx_word' id='word_1_141' title='bbox 1228 2018 1337 2057; x_wconf 87' lang='lat' dir='ltr'><strong>sua</strong></span> <span class='ocrx_word' id='word_1_142' title='bbox 1361 1997 1544 2058; x_wconf 89' lang='lat' dir='ltr'><strong>editio</strong></span> <span class='ocrx_word' id='word_1_143' title='bbox 1582 1999 1839 2057; x_wconf 88' lang='lat' dir='ltr'><strong>omnium</strong></span> <span class='ocrx_word' id='word_1_144' title='bbox 1885 1997 2316 2058; x_wconf 85' lang='lat' dir='ltr'><strong>correctissima</strong></span> <span class='ocrx_word' id='word_1_145' title='bbox 2341 2008 2518 2056; x_wconf 82' lang='lat' dir='ltr'><strong>esset.</strong></span> <span class='ocrx_word' id='word_1_146' title='bbox 2602 1998 2816 2074; x_wconf 80' lang='lat' dir='ltr'><strong>Itaque</strong></span> 
     </span>
     <span class='ocr_line' id='line_1_18' title="bbox 624 2091 2814 2168; baseline 0.002 -20"><span class='ocrx_word' id='word_1_147' title='bbox 624 2109 819 2167; x_wconf 79' lang='lat' dir='ltr'><strong>operae</strong></span> <span class='ocrx_word' id='word_1_148' title='bbox 848 2094 1095 2168; x_wconf 82' lang='lat' dir='ltr'><strong>pretium</strong></span> <span class='ocrx_word' id='word_1_149' title='bbox 1126 2093 1323 2163; x_wconf 78' lang='lat' dir='ltr'><strong>fuerit,</strong></span> <span class='ocrx_word' id='word_1_150' title='bbox 1372 2094 1521 2152; x_wconf 85' lang='lat' dir='ltr'><strong>hauc</strong></span> <span class='ocrx_word' id='word_1_151' title='bbox 1551 2091 1868 2151; x_wconf 86' lang='lat' dir='ltr'><strong>editionem</strong></span> <span class='ocrx_word' id='word_1_152' title='bbox 1899 2092 1980 2152; x_wconf 83' lang='lat' dir='ltr'><strong>ab</strong></span> <span class='ocrx_word' id='word_1_153' title='bbox 2009 2113 2100 2162; x_wconf 91' lang='lat' dir='ltr'><strong>eo,</strong></span> <span class='ocrx_word' id='word_1_154' title='bbox 2133 2092 2233 2168; x_wconf 89' lang='lat' dir='ltr'><strong>qui</strong></span> <span class='ocrx_word' id='word_1_155' title='bbox 2265 2110 2472 2150; x_wconf 80' lang='lat' dir='ltr'><strong>novam</strong></span> <span class='ocrx_word' id='word_1_156' title='bbox 2503 2091 2814 2152; x_wconf 82' lang='lat' dir='ltr'><strong>editionem</strong></span> 
     </span>
     <span class='ocr_line' id='line_1_19' title="bbox 622 2185 2818 2263; baseline 0.001 -21"><span class='ocrx_word' id='word_1_157' title='bbox 622 2201 831 2244; x_wconf 85' lang='lat' dir='ltr'><strong>curare</strong></span> <span class='ocrx_word' id='word_1_158' title='bbox 861 2186 1015 2256; x_wconf 81' lang='lat' dir='ltr'><strong>velit,</strong></span> <span class='ocrx_word' id='word_1_159' title='bbox 1044 2185 1349 2262; x_wconf 82' lang='lat' dir='ltr'><strong>diligenter</strong></span> <span class='ocrx_word' id='word_1_160' title='bbox 1375 2187 1612 2256; x_wconf 74' lang='lat' dir='ltr'><strong>excuti:</strong></span> <span class='ocrx_word' id='word_1_161' title='bbox 1646 2205 1817 2263; x_wconf 88' lang='lat' dir='ltr'><strong>quam</strong></span> <span class='ocrx_word' id='word_1_162' title='bbox 1849 2185 2168 2244; x_wconf 79' lang='lat' dir='ltr'><strong>admodum</strong></span> <span class='ocrx_word' id='word_1_163' title='bbox 2199 2203 2386 2245; x_wconf 84' lang='lat' dir='ltr'><strong>raram</strong></span> <span class='ocrx_word' id='word_1_164' title='bbox 2418 2205 2569 2257; x_wconf 83' lang='lat' dir='ltr'><strong>esse,</strong></span> <span class='ocrx_word' id='word_1_165' title='bbox 2593 2185 2818 2245; x_wconf 87' lang='lat' dir='ltr'><strong>iudicio</strong></span> 
     </span>
     <span class='ocr_line' id='line_1_20' title="bbox 628 2279 2817 2360; baseline 0.002 -23"><span class='ocrx_word' id='word_1_166' title='bbox 628 2288 722 2338; x_wconf 85' lang='lat' dir='ltr'><strong>eat</strong></span> <span class='ocrx_word' id='word_1_167' title='bbox 748 2279 883 2350; x_wconf 87' lang='lat' dir='ltr'><strong>hoc,</strong></span> <span class='ocrx_word' id='word_1_168' title='bbox 903 2280 1065 2358; x_wconf 85' lang='lat' dir='ltr'><strong>quod</strong></span> <span class='ocrx_word' id='word_1_169' title='bbox 1094 2283 1195 2358; x_wconf 88' lang='lat' dir='ltr'><strong>qui</strong></span> <span class='ocrx_word' id='word_1_170' title='bbox 1224 2280 1300 2340; x_wconf 89' lang='lat' dir='ltr'><strong>de</strong></span> <span class='ocrx_word' id='word_1_171' title='bbox 1326 2279 1679 2340; x_wconf 82' lang='lat' dir='ltr'><strong>editionibus</strong></span> <span class='ocrx_word' id='word_1_172' title='bbox 1707 2279 1876 2338; x_wconf 87' lang='lat' dir='ltr'><strong>Plinii</strong></span> <span class='ocrx_word' id='word_1_173' title='bbox 1908 2279 2127 2352; x_wconf 83' lang='lat' dir='ltr'><strong>dixere,</strong></span> <span class='ocrx_word' id='word_1_174' title='bbox 2146 2299 2274 2340; x_wconf 86' lang='lat' dir='ltr'><strong>eam</strong></span> <span class='ocrx_word' id='word_1_175' title='bbox 2301 2281 2423 2340; x_wconf 83' lang='lat' dir='ltr'><strong>fere</strong></span> <span class='ocrx_word' id='word_1_176' title='bbox 2451 2282 2817 2360; x_wconf 75' lang='lat' dir='ltr'><strong>ignoravere,</strong></span> 
     </span>
     <span class='ocr_line' id='line_1_21' title="bbox 626 2374 2821 2456; baseline 0.002 -23"><span class='ocrx_word' id='word_1_177' title='bbox 626 2374 719 2434; x_wconf 88' lang='lat' dir='ltr'><strong>Ill.</strong></span> <span class='ocrx_word' id='word_1_178' title='bbox 750 2375 1115 2435; x_wconf 80' lang='lat' dir='ltr'><strong>Reazonieus</strong></span> <span class='ocrx_word' id='word_1_179' title='bbox 1138 2385 1331 2436; x_wconf 80' lang='lat' dir='ltr'><strong>autem</strong></span> <span class='ocrx_word' id='word_1_180' title='bbox 1360 2375 1479 2435; x_wconf 85' lang='lat' dir='ltr'><strong>duo</strong></span> <span class='ocrx_word' id='word_1_181' title='bbox 1510 2375 1685 2435; x_wconf 92' lang='lat' dir='ltr'><strong>modo</strong></span> <span class='ocrx_word' id='word_1_182' title='bbox 1713 2377 1987 2453; x_wconf 76' lang='lat' dir='ltr'><strong>exempla</strong></span> <span class='ocrx_word' id='word_1_183' title='bbox 2011 2375 2139 2451; x_wconf 80' lang='lat' dir='ltr'><strong>ejus</strong></span> <span class='ocrx_word' id='word_1_184' title='bbox 2171 2376 2226 2433; x_wconf 89' lang='lat' dir='ltr'><strong>in</strong></span> <span class='ocrx_word' id='word_1_185' title='bbox 2251 2375 2534 2456; x_wconf 74' lang='lat' dir='ltr'><strong>Hispania</strong></span> <span class='ocrx_word' id='word_1_186' title='bbox 2562 2378 2775 2455; x_wconf 80' lang='lat' dir='ltr'><strong>reperit</strong></span> <span class='ocrx_word' id='word_1_187' title='bbox 2787 2401 2821 2454; x_wconf 74' lang='lat'><strong>,-</strong></span> 
     </span>
     <span class='ocr_line' id='line_1_22' title="bbox 624 2469 2818 2553; baseline 0.002 -24"><span class='ocrx_word' id='word_1_188' title='bbox 624 2469 685 2529; x_wconf 88' lang='lat' dir='ltr'><strong>in</strong></span> <span class='ocrx_word' id='word_1_189' title='bbox 741 2472 913 2530; x_wconf 80' lang='lat' dir='ltr'><strong>ltalia</strong></span> <span class='ocrx_word' id='word_1_190' title='bbox 970 2473 1214 2531; x_wconf 88' lang='lat' dir='ltr'><strong>nullum.</strong></span> <span class='ocrx_word' id='word_1_191' title='bbox 1297 2474 1575 2532; x_wconf 80' lang='lat' dir='ltr'><strong>Ceterum</strong></span> <span class='ocrx_word' id='word_1_192' title='bbox 1626 2472 1724 2532; x_wconf 86' lang='lat' dir='ltr'><strong>ille</strong></span> <span class='ocrx_word' id='word_1_193' title='bbox 1775 2470 2114 2530; x_wconf 88' lang='lat' dir='ltr'><strong>Bellocirius</strong></span> <span class='ocrx_word' id='word_1_194' title='bbox 2157 2480 2256 2553; x_wconf 29' lang='lat' dir='ltr'><strong>est·</strong></span> <span class='ocrx_word' id='word_1_195' title='bbox 2295 2472 2603 2544; x_wconf 75' lang='lat' dir='ltr'><strong>Danesius,</strong></span> <span class='ocrx_word' id='word_1_196' title='bbox 2647 2473 2818 2551; x_wconf 77' lang='lat' dir='ltr'><strong>cujus</strong></span> 
     </span>
     <span class='ocr_line' id='line_1_23' title="bbox 624 2564 2820 2645; baseline 0.003 -24"><span class='ocrx_word' id='word_1_197' title='bbox 624 2564 935 2623; x_wconf 83' lang='lat' dir='ltr'><strong>editionem</strong></span> <span class='ocrx_word' id='word_1_198' title='bbox 962 2567 1245 2645; x_wconf 63' lang='lat' dir='ltr'><strong>quidam,</strong></span> <span class='ocrx_word' id='word_1_199' title='bbox 1300 2567 1403 2625; x_wconf 86' lang='lat' dir='ltr'><strong>sed</strong></span> <span class='ocrx_word' id='word_1_200' title='bbox 1458 2574 1691 2625; x_wconf 85' lang='lat' dir='ltr'><strong>tantum</strong></span> <span class='ocrx_word' id='word_1_201' title='bbox 1735 2566 1968 2625; x_wconf 88' lang='lat' dir='ltr'><strong>nomine</strong></span> <span class='ocrx_word' id='word_1_202' title='bbox 2013 2576 2206 2640; x_wconf 81' lang='lat' dir='ltr'><strong>tenus,</strong></span> <span class='ocrx_word' id='word_1_203' title='bbox 2252 2578 2820 2640; x_wconf 72' lang='lat' dir='ltr'><strong>commemorarunt:</strong></span> 
     </span>
     <span class='ocr_line' id='line_1_24' title="bbox 626 2658 2820 2743; baseline 0.005 -28"><span class='ocrx_word' id='word_1_204' title='bbox 626 2658 719 2716; x_wconf 85' lang='lat'><strong>111.</strong></span> <span class='ocrx_word' id='word_1_205' title='bbox 764 2660 1129 2719; x_wconf 83' lang='lat' dir='ltr'><strong>Rezzouicus</strong></span> <span class='ocrx_word' id='word_1_206' title='bbox 1176 2659 1637 2719; x_wconf 85' lang='lat' dir='ltr'><strong>commentitiam</strong></span> <span class='ocrx_word' id='word_1_207' title='bbox 1693 2660 1978 2738; x_wconf 83' lang='lat' dir='ltr'><strong>putabat:</strong></span> <span class='ocrx_word' id='word_1_208' title='bbox 2023 2662 2246 2743; x_wconf 88' lang='lat' dir='ltr'><strong>quippe</strong></span> <span class='ocrx_word' id='word_1_209' title='bbox 2290 2672 2350 2721; x_wconf 90' lang='lat' dir='ltr'><strong>et</strong></span> <span class='ocrx_word' id='word_1_210' title='bbox 2400 2662 2672 2743; x_wconf 66' lang='lat' dir='ltr'><strong>praefatio</strong></span> <span class='ocrx_word' id='word_1_211' title='bbox 2719 2665 2820 2725; x_wconf 84' lang='lat' dir='ltr'><strong>illa</strong></span> 
     </span>
     <span class='ocr_line' id='line_1_25' title="bbox 626 2753 2820 2838; baseline 0.003 -28"><span class='ocrx_word' id='word_1_212' title='bbox 626 2754 778 2811; x_wconf 87' lang='lat' dir='ltr'><strong>inter</strong></span> <span class='ocrx_word' id='word_1_213' title='bbox 821 2753 1060 2811; x_wconf 86' lang='lat' dir='ltr'><strong>Danesii</strong></span> <span class='ocrx_word' id='word_1_214' title='bbox 1111 2753 1401 2831; x_wconf 87' lang='lat' dir='ltr'><strong>opuscula</strong></span> <span class='ocrx_word' id='word_1_215' title='bbox 1442 2756 1758 2836; x_wconf 31' lang='lat' dir='ltr'><strong>edita-est:</strong></span> <span class='ocrx_word' id='word_1_216' title='bbox 1805 2755 1962 2815; x_wconf 82' lang='lat' dir='ltr'><strong>adde</strong></span> <span class='ocrx_word' id='word_1_217' title='bbox 2003 2756 2318 2837; x_wconf 80' lang='lat' dir='ltr'><strong>Colomesii</strong></span> <span class='ocrx_word' id='word_1_218' title='bbox 2367 2758 2613 2838; x_wconf 73' lang='lat' dir='ltr'><strong>Miscell.</strong></span> <span class='ocrx_word' id='word_1_219' title='bbox 2665 2758 2820 2819; x_wconf 74' lang='lat' dir='ltr'><strong>nist.</strong></span> 
     </span>
     <span class='ocr_line' id='line_1_26' title="bbox 624 2848 856 2925; baseline -0.004 -19"><span class='ocrx_word' id='word_1_220' title='bbox 624 2866 689 2925; x_wconf 80' lang='lat' dir='ltr'><strong>p.</strong></span> <span class='ocrx_word' id='word_1_221' title='bbox 718 2848 856 2909; x_wconf 72' lang='lat'><strong>826.</strong></span> 
     </span>
    </p>

    <p class='ocr_par' dir='ltr' id='par_1_5' title="bbox 712 2943 2823 3025">
     <span class='ocr_line' id='line_1_27' title="bbox 712 2943 2823 3025; baseline 0.005 -25"><span class='ocrx_word' id='word_1_222' title='bbox 712 2951 865 3004; x_wconf 82' lang='lat'>1534</span> <span class='ocrx_word' id='word_1_223' title='bbox 906 2943 1108 3002; x_wconf 86' lang='lat' dir='ltr'><strong>Herm.</strong></span> <span class='ocrx_word' id='word_1_224' title='bbox 1140 2944 1383 3003; x_wconf 86' lang='lat' dir='ltr'><strong>Barbari</strong></span> <span class='ocrx_word' id='word_1_225' title='bbox 1412 2946 1468 3003; x_wconf 89' lang='lat' dir='ltr'><strong>in</strong></span> <span class='ocrx_word' id='word_1_226' title='bbox 1496 2946 1567 3004; x_wconf 88' lang='lat' dir='ltr'><strong>C.</strong></span> <span class='ocrx_word' id='word_1_227' title='bbox 1594 2946 1767 3006; x_wconf 85' lang='lat' dir='ltr'><strong>Plinii</strong></span> <span class='ocrx_word' id='word_1_228' title='bbox 1796 2946 1929 3007; x_wconf 89' lang='lat' dir='ltr'><strong>Sec.</strong></span> <span class='ocrx_word' id='word_1_229' title='bbox 1963 2948 2039 3005; x_wconf 88' lang='lat' dir='ltr'><strong>H.</strong></span> <span class='ocrx_word' id='word_1_230' title='bbox 2067 2946 2146 3006; x_wconf 89' lang='lat' dir='ltr'><strong>N.</strong></span> <span class='ocrx_word' id='word_1_231' title='bbox 2175 2949 2610 3025; x_wconf 70' lang='lat' dir='ltr'><strong>castigationes,</strong></span> <span class='ocrx_word' id='word_1_232' title='bbox 2642 2948 2823 3010; x_wconf 81' lang='lat' dir='ltr'><strong>Basil.</strong></span> 
     </span>
    </p>

    <p class='ocr_par' dir='ltr' id='par_1_6' title="bbox 624 3039 2822 3504">
     <span class='ocr_line' id='line_1_28' title="bbox 714 3039 2822 3122; baseline 0.003 -25"><span class='ocrx_word' id='word_1_233' title='bbox 714 3044 866 3099; x_wconf 81' lang='lat'>1535</span> <span class='ocrx_word' id='word_1_234' title='bbox 909 3039 1119 3097; x_wconf 84' lang='lat' dir='ltr'><strong>Venet.</strong></span> <span class='ocrx_word' id='word_1_235' title='bbox 1171 3048 1210 3097; x_wconf 82' lang='lat'>4</span> <span class='ocrx_word' id='word_1_236' title='bbox 1238 3040 1371 3099; x_wconf 80' lang='lat' dir='ltr'><strong>voll.</strong></span> <span class='ocrx_word' id='word_1_237' title='bbox 1404 3050 1539 3101; x_wconf 85' lang='lat' dir='ltr'><strong>8vo.</strong></span> <span class='ocrx_word' id='word_1_238' title='bbox 1582 3042 1679 3100; x_wconf 89' lang='lat' dir='ltr'><strong>ed.</strong></span> <span class='ocrx_word' id='word_1_239' title='bbox 1713 3041 1898 3104; x_wconf 82' lang='lat' dir='ltr'><strong>Andr.</strong></span> <span class='ocrx_word' id='word_1_240' title='bbox 1932 3044 2213 3114; x_wconf 84' lang='lat' dir='ltr'><strong>Asulano,</strong></span> <span class='ocrx_word' id='word_1_241' title='bbox 2263 3044 2374 3102; x_wconf 79' lang='lat' dir='ltr'><strong>sub</strong></span> <span class='ocrx_word' id='word_1_242' title='bbox 2405 3043 2542 3103; x_wconf 83' lang='lat' dir='ltr'><strong>Aldi</strong></span> <span class='ocrx_word' id='word_1_243' title='bbox 2585 3043 2822 3122; x_wconf 82' lang='lat' dir='ltr'><strong>insigni.</strong></span> 
     </span>
     <span class='ocr_line' id='line_1_29' title="bbox 627 3132 2820 3209; baseline 0.002 -17"><span class='ocrx_word' id='word_1_244' title='bbox 627 3132 911 3192; x_wconf 72' lang='lat' dir='ltr'><strong>meatus</strong></span> <span class='ocrx_word' id='word_1_245' title='bbox 965 3143 1055 3191; x_wconf 78' lang='lat' dir='ltr'><strong>est</strong></span> <span class='ocrx_word' id='word_1_246' title='bbox 1100 3134 1283 3195; x_wconf 80' lang='lat' dir='ltr'><strong>Andr.</strong></span> <span class='ocrx_word' id='word_1_247' title='bbox 1332 3136 1607 3195; x_wconf 80' lang='lat' dir='ltr'><strong>Rabirius</strong></span> <span class='ocrx_word' id='word_1_248' title='bbox 1661 3136 2006 3198; x_wconf 80' lang='lat' dir='ltr'><strong>Brixianus:</strong></span> <span class='ocrx_word' id='word_1_249' title='bbox 2052 3138 2152 3197; x_wconf 84' lang='lat' dir='ltr'><strong>sed</strong></span> <span class='ocrx_word' id='word_1_250' title='bbox 2205 3140 2256 3199; x_wconf 85' lang='lat' dir='ltr'><strong>is</strong></span> <span class='ocrx_word' id='word_1_251' title='bbox 2301 3140 2444 3197; x_wconf 85' lang='lat' dir='ltr'><strong>nihil</strong></span> <span class='ocrx_word' id='word_1_252' title='bbox 2490 3138 2656 3209; x_wconf 82' lang='lat' dir='ltr'><strong>dicit,</strong></span> <span class='ocrx_word' id='word_1_253' title='bbox 2705 3138 2820 3198; x_wconf 82' lang='lat' dir='ltr'><strong>nisi</strong></span> 
     </span>
     <span class='ocr_line' id='line_1_30' title="bbox 627 3227 2818 3313; baseline 0.004 -28"><span class='ocrx_word' id='word_1_254' title='bbox 627 3227 782 3287; x_wconf 83' lang='lat' dir='ltr'><strong>hanc</strong></span> <span class='ocrx_word' id='word_1_255' title='bbox 810 3228 1127 3287; x_wconf 84' lang='lat' dir='ltr'><strong>editionem</strong></span> <span class='ocrx_word' id='word_1_256' title='bbox 1156 3248 1279 3287; x_wconf 81' lang='lat' dir='ltr'><strong>esse</strong></span> <span class='ocrx_word' id='word_1_257' title='bbox 1328 3250 1437 3290; x_wconf 81' lang='lat' dir='ltr'><strong>sua.</strong></span> <span class='ocrx_word' id='word_1_258' title='bbox 1480 3232 1752 3308; x_wconf 87' lang='lat' dir='ltr'><strong>opinione</strong></span> <span class='ocrx_word' id='word_1_259' title='bbox 1804 3235 2057 3293; x_wconf 87' lang='lat' dir='ltr'><strong>omnium</strong></span> <span class='ocrx_word' id='word_1_260' title='bbox 2087 3234 2637 3313; x_wconf 74' lang='lat' dir='ltr'><strong>castigatissimum:</strong></span> <span class='ocrx_word' id='word_1_261' title='bbox 2682 3254 2818 3313; x_wconf 79' lang='lat' dir='ltr'><strong>quae</strong></span> 
     </span>
     <span class='ocr_line' id='line_1_31' title="bbox 624 3322 2817 3411; baseline 0.004 -30"><span class='ocrx_word' id='word_1_262' title='bbox 624 3334 713 3381; x_wconf 82' lang='lat' dir='ltr'><strong>est</strong></span> <span class='ocrx_word' id='word_1_263' title='bbox 744 3340 893 3381; x_wconf 84' lang='lat' dir='ltr'><strong>vana</strong></span> <span class='ocrx_word' id='word_1_264' title='bbox 926 3322 1181 3398; x_wconf 85' lang='lat' dir='ltr'><strong>jactatio</strong></span> <span class='ocrx_word' id='word_1_265' title='bbox 1224 3342 1342 3382; x_wconf 87' lang='lat' dir='ltr'><strong>non</strong></span> <span class='ocrx_word' id='word_1_266' title='bbox 1374 3326 1648 3385; x_wconf 85' lang='lat' dir='ltr'><strong>habentis</strong></span> <span class='ocrx_word' id='word_1_267' title='bbox 1673 3348 1796 3407; x_wconf 85' lang='lat' dir='ltr'><strong>quo</strong></span> <span class='ocrx_word' id='word_1_268' title='bbox 1827 3330 2199 3407; x_wconf 82' lang='lat' dir='ltr'><strong>commendet</strong></span> <span class='ocrx_word' id='word_1_269' title='bbox 2225 3348 2412 3407; x_wconf 73' lang='lat' dir='ltr'><strong>opus:</strong></span> <span class='ocrx_word' id='word_1_270' title='bbox 2469 3330 2817 3411; x_wconf 82' lang='lat' dir='ltr'><strong>videturque</strong></span> 
     </span>
     <span class='ocr_line' id='line_1_32' title="bbox 626 3415 2286 3504; baseline 0.006 -31"><span class='ocrx_word' id='word_1_271' title='bbox 626 3415 688 3474; x_wconf 90' lang='lat' dir='ltr'><strong>id</strong></span> <span class='ocrx_word' id='word_1_272' title='bbox 718 3418 1007 3493; x_wconf 86' lang='lat' dir='ltr'><strong>pertinere</strong></span> <span class='ocrx_word' id='word_1_273' title='bbox 1035 3426 1266 3477; x_wconf 85' lang='lat' dir='ltr'><strong>tantum</strong></span> <span class='ocrx_word' id='word_1_274' title='bbox 1296 3420 1372 3479; x_wconf 83' lang='lat' dir='ltr'><strong>ad</strong></span> <span class='ocrx_word' id='word_1_275' title='bbox 1396 3420 1751 3504; x_wconf 79' lang='lat' dir='ltr'><strong>diligentiam</strong></span> <span class='ocrx_word' id='word_1_276' title='bbox 1781 3425 2286 3503; x_wconf 76' lang='lat' dir='ltr'><strong>typographicam.</strong></span> 
     </span>
    </p>
   </div>
   <div class='ocr_carea' id='block_1_3' title="bbox 1204 3653 2172 3846">
    <p class='ocr_par' dir='ltr' id='par_1_7' title="bbox 1204 3653 2172 3846">
     <span class='ocr_line' id='line_1_33' title="bbox 1204 3653 2172 3720; baseline 0.007 -7"><span class='ocrx_word' id='word_1_277' title='bbox 1204 3653 1428 3717; x_wconf 78' lang='lat' dir='ltr'>AETAS</span> <span class='ocrx_word' id='word_1_278' title='bbox 1470 3654 1581 3717; x_wconf 84' lang='lat' dir='ltr'><strong>Ill.</strong></span> <span class='ocrx_word' id='word_1_279' title='bbox 1665 3658 2172 3720; x_wconf 80' lang='lat' dir='ltr'><strong>GELENIANA.</strong></span> 
     </span>
     <span class='ocr_line' id='line_1_34' title="bbox 1396 3788 2056 3846; baseline 0.008 -5"><span class='ocrx_word' id='word_1_280' title='bbox 1396 3788 2056 3846; x_wconf 76' lang='lat'><strong>1535—1543—1582.</strong></span> 
     </span>
    </p>
   </div>
   <div class='ocr_carea' id='block_1_4' title="bbox 628 3928 2814 4207">
    <p class='ocr_par' dir='ltr' id='par_1_8' title="bbox 628 3928 2814 4207">
     <span class='ocr_line' id='line_1_35' title="bbox 691 3928 2808 4024; baseline 0.006 -29"><span class='ocrx_word' id='word_1_281' title='bbox 691 3932 1155 4013; x_wconf 81' lang='lat' dir='ltr'><strong>Antesignanum</strong></span> <span class='ocrx_word' id='word_1_282' title='bbox 1184 3937 1370 3999; x_wconf 84' lang='lat' dir='ltr'><strong>habet</strong></span> <span class='ocrx_word' id='word_1_283' title='bbox 1396 3940 1630 4019; x_wconf 85' lang='lat' dir='ltr'><strong>Sigism.</strong></span> <span class='ocrx_word' id='word_1_284' title='bbox 1661 3928 1995 4015; x_wconf 82' lang='lat' dir='ltr'><strong>Gelenium,</strong></span> <span class='ocrx_word' id='word_1_285' title='bbox 2025 3942 2128 4024; x_wconf 88' lang='lat' dir='ltr'><strong>qui</strong></span> <span class='ocrx_word' id='word_1_286' title='bbox 2161 3944 2323 4005; x_wconf 90' lang='lat' dir='ltr'><strong>edito</strong></span> <span class='ocrx_word' id='word_1_287' title='bbox 2351 3946 2480 4023; x_wconf 89' lang='lat' dir='ltr'><strong>jam</strong></span> <span class='ocrx_word' id='word_1_288' title='bbox 2505 3966 2602 4007; x_wconf 84' lang='lat' dir='ltr'><strong>an.</strong></span> <span class='ocrx_word' id='word_1_289' title='bbox 2637 3954 2808 4009; x_wconf 77' lang='lat'><strong>15³5.</strong></span> 
     </span>
     <span class='ocr_line' id='line_1_36' title="bbox 630 4031 2814 4121; baseline 0.004 -28"><span class='ocrx_word' id='word_1_290' title='bbox 630 4031 1079 4109; x_wconf 82' lang='lat' dir='ltr'><strong>castigationum</strong></span> <span class='ocrx_word' id='word_1_291' title='bbox 1125 4035 1436 4107; x_wconf 84' lang='lat' dir='ltr'><strong>volumine,</strong></span> <span class='ocrx_word' id='word_1_292' title='bbox 1487 4037 1756 4114; x_wconf 84' lang='lat' dir='ltr'><strong>quamvis</strong></span> <span class='ocrx_word' id='word_1_293' title='bbox 1806 4039 2000 4099; x_wconf 84' lang='lat' dir='ltr'><strong>nimiae</strong></span> <span class='ocrx_word' id='word_1_294' title='bbox 2047 4061 2082 4099; x_wconf 81' lang='lat' dir='ltr'><strong>a</strong></span> <span class='ocrx_word' id='word_1_295' title='bbox 2133 4042 2484 4121; x_wconf 71' lang='lat' dir='ltr'><strong>quibusdam</strong></span> <span class='ocrx_word' id='word_1_296' title='bbox 2539 4052 2814 4121; x_wconf 77' lang='lat' dir='ltr'><strong>arguatur</strong></span> 
     </span>
     <span class='ocr_line' id='line_1_37' title="bbox 628 4126 2811 4207; baseline 0.008 -23"><span class='ocrx_word' id='word_1_297' title='bbox 628 4126 894 4200; x_wconf 85' lang='lat' dir='ltr'><strong>licentiae,</strong></span> <span class='ocrx_word' id='word_1_298' title='bbox 911 4126 1211 4188; x_wconf 85' lang='lat' dir='ltr'><strong>Harduino</strong></span> <span class='ocrx_word' id='word_1_299' title='bbox 1234 4139 1424 4192; x_wconf 86' lang='lat' dir='ltr'><strong>tamen</strong></span> <span class='ocrx_word' id='word_1_300' title='bbox 1446 4132 1678 4207; x_wconf 86' lang='lat' dir='ltr'><strong>judice,</strong></span> <span class='ocrx_word' id='word_1_301' title='bbox 1702 4142 2058 4197; x_wconf 80' lang='lat' dir='ltr'><strong>vetustorum</strong></span> <span class='ocrx_word' id='word_1_302' title='bbox 2085 4138 2422 4203; x_wconf 84' lang='lat' dir='ltr'><strong>auctoritati</strong></span> <span class='ocrx_word' id='word_1_303' title='bbox 2438 4138 2712 4199; x_wconf 87' lang='lat' dir='ltr'><strong>codicum</strong></span> <span class='ocrx_word' id='word_1_304' title='bbox 2735 4155 2811 4201; x_wconf 73' lang='lat' dir='ltr'><strong>ac</strong></span> 
     </span>
    </p>
   </div>
  </div>
 </body>
</html>
