3210 4941
619 371 794 439 5840
1309 388 1625 439 no‘rrrm
1676 352 2103 439 ιιτιιιιιιιιᾼ

621 541 856 601 nornine
897 540 1167 619 Diguillii
1213 543 1621 614 Grammatici,
1667 542 1881 604 vidisse
1941 564 2001 603 se
2048 550 2301 603 testatur
2344 542 2669 604 Salmasius
2730 544 2816 605 ad

621 636 805 699 Solia.

703 733 975 795 Absolvit
1004 734 1226 793 Plinius
1256 750 1408 810 opus
1459 750 1629 793 suum
1674 733 1849 810 paulo
1896 743 2037 791 ante
2082 732 2339 803 obitum,
2386 733 2547 793 circa
2592 720 2823 796 annum-

621 829 700 889 U.
729 830 802 891 C.
835 838 976 891 830.
1020 839 1089 890 ut
1113 848 1232 888 non
1261 848 1378 887 uno
1405 828 1598 889 innuit
1638 828 1811 889 loco:
1854 838 1915 887 et
1964 828 2233 907 quintum
2276 829 2662 889 Consulatum
2692 831 2823 893 'riti

617 935 900 985 memorat
925 924 1028 983 lib.
1059 940 1139 983 11.
1183 944 1320 1002 cap.
1349 932 1448 986 25.
1493 943 1665 1002 quem
1696 924 1790 985 ille
1830 924 2007 1002 gessit
2035 943 2186 983 anno
2216 924 2292 983 U.
2322 926 2397 984 C.
2426 930 2567 989 828.
2612 927 2682 986 C.
2708 924 2815 997 76.

615 1021 960 1081 Incendium
989 1020 1249 1094 Vesuvii,
1281 1020 1440 1099 quod
1486 1020 1821 1097 speculatus
1848 1020 2072 1080 Plinius
2122 1019 2430 1094 occubuit,
2464 1005 2818 1087 describitur

615 1138 654 1177 a
683 1118 872 1175 Dione
899 1116 1051 1175 libro
1094 1132 1282 1177 LXVI.
1326 1136 1386 1194 p.
1417 1122 1559 1185 755.
1603 1136 1731 1194 seq.
1758 1115 1835 1175 ad
1867 1120 1941 1175 A.
1974 1116 2052 1175 U.
2076 1116 2149 1175 C.
2180 1124 2317 1177 831.
2361 1117 2485 1177 Titi
2532 1119 2809 1195 primunt.

615 1211 836 1271 Plinius
863 1213 923 1271 in
956 1214 1128 1293 proef.
1173 1222 1190 1247 ⁶
1211 1211 1428 1289 Viginti
1457 1212 1635 1271 millia
1664 1230 1851 1271 rerum
1884 1210 2191 1289 dignarum
2220 1230 2384 1282 cura,
2406 1214 2715 1291 quoniam,
2742 1224 2817 1275 ut

615 1309 692 1366 sit
725 1309 1019 1369 Domitius
1047 1310 1206 1381 Piso,
1250 1308 1626 1367 ‘Thesauros
1645 1316 1873 1385 oportet
1906 1326 2037 1367 esse
2066 1326 2181 1365 non
2212 1307 2431 1378 libros:
2450 1328 2521 1367 ex
2552 1310 2813 1371 lectione

613 1404 968 1465 voluminum
1001 1406 1236 1466 circiter
1274 1405 1456 1464 duum
1508 1403 1777 1475 millium,
1822 1422 2072 1481 quornm
2108 1421 2302 1481 pauca
2326 1404 2649 1463 admodum
2678 1414 2815 1465 stu-

612 1500 762 1560 diosi
807 1501 1106 1577 attingunt
1153 1510 1398 1578 propter
1443 1510 1733 1559 secretum
1784 1498 2073 1570 nisteriae,
2119 1499 2421 1578 exquisitis
2470 1500 2813 1563 auctoribus

613 1599 707 1654 1).¹
755 1596 1110 1656 includimus
1138 1596 1374 1673 triginta
1419 1614 1516 1653 sex
1570 1593 1987 1665 voluminibus,
2014 1593 2264 1670 adjectis
2308 1594 2483 1655 rebus
2521 1596 2811 1674 plurimis,

611 1709 759 1768 quas
788 1702 890 1751 aut
918 1694 1321 1771 ignoraverant
1351 1691 1598 1770 priores,
1624 1701 1730 1750 aut
1757 1703 1967 1767 postea
1996 1690 2293 1749 invenerat
2314 1690 2473 1751 vita.’
2520 1690 2809 1753 volumen

606 1786 934 1847 secundum
981 1790 1132 1849 citat
1173 1789 1394 1849 Plinius
1445 1803 1541 1847 vl.
1587 1795 1689 1857 29.
1746 1786 2063 1865 septimum
2113 1800 2380 1846 xxxut.
2408 1794 2469 1847 3.
2512 1785 2811 1847 Nonnun-

605 1901 784 1961 quam
811 1884 988 1943 etiam
1017 1884 1146 1945 libri
1195 1901 1312 1945 nou
1357 1902 1685 1953 numerum,
1714 1883 1813 1941 sed
1844 1890 2264 1959 argumentum,
2298 1889 2362 1941 nt
2410 1897 2513 1941 tx.
2542 1890 2641 1943 35.
2684 1890 2805 1943 ‘ut

605 1978 900 2038 diximus
886 2000 944 2037 ιιι
987 1981 1238 2041 circuitu
1267 1980 1522 2053 Mundi}
1575 1979 1895 2056 respiciens
1940 1978 2017 2037 ad
2071 1977 2340 2037 volumen
2388 1978 2713 2039 secuudum
2742 1988 2809 2043 et

605 2093 732 2151 seq.
764 2075 836 2133 Et
863 2076 1464 2139 xx1111.1.‘sicut
1507 2074 1775 2135 dicemus
1820 2074 1881 2133 in
1926 2092 2285 2152 gemmarum
2316 2054 2670 2135 volumiuez’
2710 2095 2807 2138 re-.

607 2168 787 2247 spicit
813 2172 964 2229 enim
993 2173 1067 2229 ad
1097 2171 1314 2231 librum
1341 2184 1631 2230 xxxvu.

684 2263 908 2323 Proeter
943 2266 1312 2338 naturalium,
1353 2283 1530 2344 quam
1575 2262 1765 2324 titulo
1812 2264 1938 2339 ipso
1990 2263 2285 2341 promittit
2326 2272 2504 2341 atque
2552 2264 2805 2325 ubertim

606 2360 845 2437 pandit‚·
865 2380 1056 2421 reruni
1088 2362 1379 2433 notitiam,
1409 2360 1765 2420 discordiam
1794 2359 2308 2439 concordiamque,
2357 2378 2499 2417 usus
2538 2370 2595 2417 et
2624 2358 2805 2432 effec-

607 2465 739 2519 tus:
786 2469 998 2539 pra-,ter
1027 2459 1326 2519 historiam
1373 2458 1740 2518 inventorum
1788 2456 2025 2514 humaui
2070 2455 2306 2534 ingenii,
2354 2454 2575 2514 laboris
2602 2454 2803 2517 luxus·

598 2573 745 2631 que,
777 2567 838 2616 et
863 2558 1149 2615 variarum
1173 2556 1408 2625 artium,
1437 2553 1660 2633 passim
1694 2551 2063 2628 gravissimas
2090 2552 2351 2629 aspergit.
2377 2552 2713 2620 sententias,
2740 2563 2803 2612 et

585 2643 888 2719 judicium
913 2651 988 2710 de
1029 2652 1282 2710 vanitate
1331 2667 1516 2708 rerum
1567 2649 1971 2720 humanarum,
2024 2647 2477 2722 mortaliumque
2530 2647 2803 2733 stultitia,

599 2746 908 2824 speciatim
935 2746 1010 2804 de
1037 2745 1286 2825 perditis
1317 2745 1711 2804 Romanorum
1742 2763 1850 2821 per
1875 2761 2020 2820 opes
2050 2743 2333 2816 moribus,
2362 2761 2471 2802 nec
2500 2745 2689 2802 minus
2714 2744 2797 2802 de

601 2843 754 2902 mira
801 2841 1086 2920 sapientia
1131 2859 1204 2900 ac
1253 2841 1501 2920 provida
1557 2849 1703 2908 arte.
1752 2838 2053 2916 fidemque
2096 2856 2328 2896 omnem
2379 2849 2697 2916 superante
2740 2841 2803 2898 vi

605 2947 846 3008 naturae,
891 2956 997 3016 per
1042 2955 1218 3014 quam
1265 2937 1505 2995 Numen
1557 2935 1803 3012 intelligi
1844 2933 2048 2994 voluit.
2134 2934 2343 3012 Itaque
2386 2934 2527 2993 licet
2558 2934 2803 3011 Epicuri

603 3033 910 3094 immersus
937 3033 1255 3101 erroribus,
1303 3045 1496 3090 tanuen
1546 3031 1627 3090 ab
1660 3029 1949 3090 Atlieismi
1978 3029 2291 3107 ἐγκλήματι
2330 3029 2677 3101 absolvitur,
2692 3029 2799 3106 ju-

600 3127 735 3186 dice
769 3128 974 3186 Ulrico
1035 3127 1314 3203 Zwinglio
1369 3125 1475 3186 lib.
1526 3126 1602 3186 de
1655 3123 2033 3186 Providentia
2074 3123 2153 3184 T.
2210 3139 2259 3182 1.
2316 3125 2484 3203 Opp.
2528 3123 2671 3186 356.
2742 3129 2797 3185 A

601 3222 865 3301 Georgio
892 3223 1168 3301 Agricola
1197 3221 1434 3299 proefat.
1459 3221 1535 3281 ad
1561 3223 1747 3281 libros
1770 3237 1841 3280 x.
1866 3221 1945 3280 de
1966 3230 2171 3280 natura
2193 3219 2479 3279 fossilium
2508 3221 2799 3299 arguitur,

596 3323 616 3350 ‘
654 3317 814 3395 quod
862 3318 1154 3376 interdum
1203 3317 1359 3376 baud
1411 3317 1761 3387 observarit,
1816 3335 1850 3374 a
1906 3315 2145 3374 diversis
2189 3315 2573 3393 scriptoribus
2620 3336 2797 3376 unam

600 3431 718 3472 rem
748 3414 984 3472 duobus
1013 3415 1102 3471 vel
1133 3414 1398 3491 pluribus
1443 3412 1753 3473 vocabulis
1790 3411 2101 3490 appellari,
2142 3411 2437 3470 interdum
2464 3421 2671 3470 contra
2696 3402 2815 3471 res'

599 3509 746 3566 duas
777 3507 868 3566 vel
897 3509 1091 3584 plures
1143 3527 1262 3566 uno
1313 3509 1637 3568 vocabulo!
1715 3508 1949 3567 Talium
1992 3505 2509 3566 hallucinationum
2554 3503 2791 3583 plenum

603 3621 734 3662 esse
755 3603 840 3661 ait
865 3601 1186 3661 Salmasius
1234 3621 1371 3680 pag.
1405 3611 1544 3664 258.
1589 3603 1691 3679 qui
1720 3603 1935 3680 passim
1964 3601 2139 3661 etiarn
2168 3601 2292 3660 illas
2324 3601 2545 3660 notavit
2576 3601 2797 3660 exerci-

607 3698 932 3758 tationibus
961 3698 1018 3755 iu
1067 3697 1364 3758 Solutum:
1412 3698 1542 3757 vide
1569 3715 1707 3776 pag.
1740 3705 1879 3768 298.
1910 3705 2051 3759 302.
2096 3705 2237 3758 303.
2279 3697 2571 3776 Josepbus
2602 3696 2795 3756 Scali-

605 3811 708 3870 ger
735 3793 794 3851 in
836 3792 1240 3870 Scaligerisuis
1288 3793 1490 3870 primis
1537 3812 1676 3871 pag.
1710 3803 1805 3854 85.
1850 3797 2226 3853 ‘Accuratus
2274 3793 2441 3852 Plinii
2467 3792 2656 3853 lector
2682 3791 2791 3852 de-

605 3886 950 3966 prehendet,
998 3889 1191 3968 ipsum
1246 3889 1490 3948 Plinium
1526 3889 1744 3960 omnia,
1780 3907 1915 3967 quae
1968 3908 2041 3948 ex
2090 3888 2259 3948 variis
2312 3889 2649 3948 auctoribus
2684 3908 2788 3948 ex<

599 3983 904 4063 cerpebat,
959 3985 1161 4043 ordine
1218 3985 1512 4046 literarum
1566 3986 1691 4044 sive
1759 3983 2135 4060 alphabetico
2190 3985 2245 4041 in
2304 4003 2409 4042 sua
2471 3983 2789 4061 digessisse

595 4077 946 4150 adversaria,
1001 4081 1268 4156 neglecto
1312 4080 1518 4140 ordine
1549 4079 1817 4150 naturali,
1868 4079 1970 4156 qui
1998 4078 2195 4156 potior
2231 4076 2399 4137 erat!
2478 4078 2698 4138 Confer
2724 4087 2787 4138 et

1381 4205 1397 4237 Ι
1431 4205 1508 4252 Ita
1530 4204 1800 4268 legendum,
1820 4219 1916 4253 non
1942 4207 2003 4253 G.
