3210 4941
661 371 834 438 5838
1355 386 1665 437 Νοτιτιᾼ
1720 384 2144 434 unvamma

660 545 886 603 Omnes
915 541 1053 603 vicit
1083 542 1255 621 longe
1277 549 1339 601 et
1365 541 1566 601 obruit
1591 560 1780 620 nuper
1807 539 1910 599 Vir
1959 539 2049 599 tn.
2081 541 2224 599 Ant.
2257 536 2552 615 Josepbus
2579 536 2797 598 Comes
2830 556 2871 596 a

660 639 852 699 Turre
880 639 1214 709 Rezzonici,
1257 638 1316 696 in
1363 658 1540 716 opere
1583 636 1977 696 eruditissimo
2026 632 2515 712 Disquisitionum
2565 634 2870 693 Pliniana-

659 754 806 807 rum,
849 736 890 793 i.
916 756 969 795 e.
999 736 1077 795 de
1108 736 1429 812 Utriusque
1459 734 1629 792 Plinii
1659 731 1871 810 patria,
1902 732 2081 791 rebus
2104 730 2301 807 gestis,
2348 730 2602 807 scriptis,
2631 729 2869 789 codici-

658 830 794 904 bus,
826 830 1204 901 editionibus,
1230 840 1409 910 atque
1435 829 1876 906 interpretibus,
1906 826 2077 903 cujus
2117 828 2194 886 T.
2226 841 2277 887 1.
2321 828 2554 887 Parmae
2578 845 2631 887 a.
2674 824 2860 894 1763.

655 926 731 985 Τ.
764 942 842 987 11.
880 926 1054 995 1767.
1113 928 1170 985 in
1215 926 1257 987 f.
1307 926 1547 1003 prodiit,
1591 924 1884 1003 promisso
1924 924 2099 981 etiam
2126 922 2203 981 T.
2238 938 2349 982 111.
2409 940 2585 1001 quem
2630 920 2859 999 cupide

655 1034 1061 1099 expectamus.
1140 1024 1463 1102 Utramque
1491 1019 1824 1079 PliniiJun.
1856 1018 2153 1097 epistolam
2184 1018 2262 1079 de
2305 1037 2377 1077 eo
2424 1016 2735 1077 constituit
2784 1027 2855 1076 et

654 1116 905 1177 illustrat
930 1116 1010 1179 T.
1042 1134 1089 1177 1.
1133 1136 1195 1195 p.
1229 1126 1372 1178 110.
1402 1138 1540 1197 sqq.

1303 1293 1602 1353 Historia
1632 1290 1955 1355 Naturalis
1980 1290 2184 1351 Libri.

737 1421 826 1479 Ex
856 1421 1090 1499 scriptis
1119 1422 1290 1481 Plinii
1321 1421 1504 1481 solum
1533 1419 1609 1501 ad
1638 1440 1743 1479 nos
1769 1419 2033 1497 pervenit
2056 1438 2229 1496 opus,
2256 1420 2421 1497 quod
2459 1416 2675 1477 Plinius
2702 1417 2740 1475 J
2746 1434 2849 1475 un.

655 1515 695 1574 l.
725 1534 780 1574 c.
825 1523 843 1549 ‘
865 1516 1157 1577 Historias.
1184 1526 1408 1577 naturae
1429 1518 1443 1543 '
1475 1525 1667 1586 vocat,
1698 1517 1825 1594 ipse
1850 1525 2059 1575 auctor
2098 1522 2117 1547 ⁶
2144 1514 2459 1573 Historiam
2480 1511 2857 1582 naturalem,'

653 1612 716 1669 in
749 1610 1132 1688 praefatione:
1178 1612 1332 1673 male
1361 1611 1494 1671 libri
1535 1611 1775 1689 quidam
1804 1610 1950 1671 editi
1978 1622 2040 1672 et
2066 1630 2183 1671 scr.
2228 1617 2245 1645 ⁶
2269 1609 2581 1669 Historiam
2611 1606 2814 1667 mundi
2836 1606 2854 1629 ’

653 1706 772 1781 (ΙΙΙ.
805 1707 1170 1768 Rezzonicus
1215 1710 1290 1768 T.
1324 1726 1372 1768 1.
1414 1730 1480 1788 p.
1517 1709 1681 1779 194.)
1740 1708 1881 1767 item
1924 1715 1943 1741 ‘
1975 1708 2299 1767 Historiam
2358 1704 2559 1765 mundi
2606 1718 2851 1765 natura·

653 1802 768 1863 lem
793 1802 833 1874 ς’
859 1823 1032 1881 opus,
1063 1815 1127 1865 ut
1153 1814 1314 1864 recte
1343 1804 1426 1864 ait
1443 1802 1597 1863 idem
1626 1802 1851 1863 Plinius
1875 1802 2102 1873 Junior,
2148 1810 2165 1836 ⁸
2197 1800 2495 1870 diffusum,
2526 1799 2845 1869 eruditum,

651 1916 764 1957 nec
811 1900 1000 1958 minus
1045 1901 1287 1970 varium,
1337 1919 1516 1979 quam
1563 1899 1693 1977 ipsa
1740 1898 1991 1960 natura.’
2071 1900 2315 1959 Constat
2359 1898 2515 1957 libris
2562 1910 2846 1955 xxxvn.

651 2012 844 2070 eoque
872 2015 947 2055 ex
975 1995 1376 2054 voluminibus
1410 1994 1567 2053 ultra.
1614 1994 1705 2053 bis
1734 1994 1893 2053 mille
1922 1992 2275 2071 scriptorum
2307 1994 2661 2053 Graecorum
2690 1988 2849 2049 Lati·

649 2108 980 2166 notumque
1030 2089 1354 2149 universam
1413 2098 1641 2148 naturoe
1688 2089 2019 2148 varietatem
2072 2089 2395 2166 complecti
2438 2097 2689 2147 conatus
2734 2094 2847 2145 est·

651 2182 844 2241 Series
872 2184 1070 2261 operis
1100 2193 1158 2242 et
1207 2203 1398 2243 rerum
1447 2184 1879 2260 explicaturum
1910 2184 2038 2242 haec
2068 2192 2161 2243 est
2188 2202 2205 2243 z
2249 2186 2390 2243 Post
2418 2183 2843 2262 praefationem,

652 2276 824 2353 ‘cujus
867 2278 1066 2336 locum
1122 2286 1282 2336 tenet
1338 2276 1515 2337 Liber
1563 2276 1789 2355 primus
1831 2275 1905 2335 ad
1953 2278 2025 2335 T.
2076 2278 2500 2355 Vespasianum
2558 2274 2643 2335 fil.
2690 2276 2845 2353 Imp.

649 2371 831 2431 Libro
863 2388 942 2433 ιι.
985 2374 1103 2451 agit
1133 2372 1209 2432 de
1236 2374 1544 2443 Universo,
1591 2372 1745 2431 coelo
1787 2382 1847 2431 et
1888 2382 2063 2445 terra,
2116 2376 2271 2432 unde
2314 2393 2443 2431 eum
2476 2371 2685 2431 librum
2718 2372 2847 2431 Me·

647 2466 974 2530 lancbtbon
1005 2480 1064 2528 et
1093 2468 1190 2528 alii
1223 2468 1534 2548 separatim
1563 2467 1821 2540 edidere,
1851 2480 1915 2528 ut
1962 2468 2315 2528 lectionibus
2349 2468 2718 2528 scholasticis
2756 2467 2848 2526 in·

650 2565 937 2623 serviret:
985 2564 1122 2622 inde
1151 2565 1227 2623 de
1259 2575 1410 2624 terra
1441 2565 1676 2642 proprie
1714 2573 1775 2621 et
1822 2564 2250 2642 Geograpbicis
2278 2565 2455 2623 rebus
2506 2565 2577 2624 L.
2609 2579 2717 2622 ιιι.
2748 2579 2846 2622 tv.

647 2671 715 2715 v.
740 2671 838 2717 vt.
911 2658 1068 2717 Hinc
1097 2659 1172 2717 ad
1203 2659 1425 2717 incolas
1469 2667 1639 2718 terroe
1664 2659 1846 2730 venit,
1874 2669 1937 2717 et
1964 2661 2218 2737 primum
2250 2660 2426 2719 Libro
2457 2675 2587 2718 vn.
2628 2659 2706 2718 de
2738 2661 2845 2717 bo·

645 2751 803 2811 mine
842 2764 901 2812 et
934 2753 1108 2812 rebus
1150 2754 1418 2813 humanis
1456 2755 1699 2832 copiose
1729 2754 2138 2832 eleganterque
2164 2756 2431 2816 disserit:
2477 2755 2577 2832 qui
2607 2755 2757 2814 liber
2780 2756 2843 2813 in

647 2849 848 2925 primis
909 2849 1123 2928 dignus
1165 2859 1258 2910 est
1305 2850 1506 2910 lectu:
1573 2859 1697 2908 tum
1746 2850 1822 2908 de
1867 2850 2078 2908 ceteris
2128 2850 2475 2909 animalibus
2522 2869 2845 2927 eorumque

647 2944 823 3005 variis
852 2945 1185 3022 generibus,
1229 2954 1296 3003 ut
1321 2945 1398 3004 de
1425 2943 1822 3015 terrestribus,
1851 2945 1914 3002 id
1944 2954 2052 3016 est,
2082 2965 2217 3022 quae
2264 2945 2325 3004 in
2359 2955 2513 3005 terra
2540 2945 2841 3007 incedunt.

646 3039 716 3100 L.
747 3055 897 3100 vut.
939 3041 1015 3099 de
1043 3039 1422 3118 aquatilibus,
1457 3040 1521 3099 L.
1555 3055 1657 3099 tx.
1700 3039 1776 3098 de
1805 3039 2161 3110 volatilibus,
2194 3041 2263 3100 L.
2298 3057 2370 3099 x.
2418 3041 2493 3100 de
2521 3041 2847 3100 insectis-—

645 3150 751 3193 xt.
791 3133 890 3192 Ab
921 3151 1056 3194 xu.
1087 3134 1241 3193 libro
1271 3133 1480 3211 incipit
1521 3152 1819 3212 exponere
1868 3153 2004 3212 qum
2052 3145 2199 3193 terra
2247 3135 2523 3208 eduntur,
2573 3137 2842 3206 arbores,

643 3230 894 3306 plantas,
925 3231 1207 3306 gramina,
1239 3240 1489 3306 segetes,
1517 3249 1637 3288 rem
1665 3230 1941 3288 rusticam
1976 3249 2231 3302 omnem,
2261 3239 2322 3289 et
2348 3241 2567 3300 cetera,
2606 3250 2841 3290 eorum·

643 3343 760 3402 que
787 3345 930 3384 usus
961 3325 1016 3382 in
1047 3325 1167 3385 vita
1213 3325 1466 3384 humana
1513 3345 1624 3403 per
1672 3335 1829 3383 artes
1858 3326 1939 3384 ab
1988 3326 2325 3385 hominibus
2366 3325 2656 3386 inventas.
2743 3327 2839 3385 Ad

641 3427 964 3478 extremum
993 3420 1052 3476 in
1080 3421 1269 3498 ipsam
1301 3429 1508 3479 terram
1532 3417 1844 3478 descendit:
1872 3419 1936 3477 L.
1967 3435 2172 3479 xxm.
2202 3421 2441 3499 agitque
2467 3420 2542 3481 de
2570 3421 2836 3493 metallis,

639 3513 809 3572 initio
837 3516 914 3571 ab
963 3533 1104 3570 auro
1145 3514 1330 3586 facto,
1376 3533 1700 3592 eorumque
1729 3516 2033 3588 varietate,
2082 3517 2307 3586 usibus,
2348 3521 2469 3575 διο.
2508 3517 2836 3594 ceterisque

639 3607 836 3678 rebus,
868 3627 1002 3686 quae
1021 3627 1053 3665 e
1082 3618 1234 3668 terra
1261 3620 1578 3678 eruuntur-3
1622 3619 1685 3669 et
1710 3608 1929 3668 desinit
1956 3611 2190 3672 tandem
2223 3613 2294 3674 L.
2324 3612 2530 3671 ultimo
2551 3627 2835 3683 xxxvtx.

639 3705 696 3762 in
720 3704 946 3762 artibus
983 3703 1263 3782 pulchris,
1296 3703 1511 3782 quibus
1541 3705 1789 3764 materia
1818 3707 2309 3766 sumministratur
2336 3726 2368 3764 e
2398 3717 2567 3768 terrae
2596 3707 2837 3766 visceri·

642 3798 775 3870 buS,
808 3808 870 3858 ut
898 3799 1197 3870 statuaria,
1228 3799 1480 3877 pictura,
1529 3800 1952 3882 similibusque.
2035 3802 2272 3861 Librum
2304 3803 2577 3880 primurn,
2608 3821 2834 3881 suppo-

641 3894 818 3954 situm
873 3894 1079 3965 Plinio,
1135 3902 1198 3953 et
1242 3893 1320 3953 ab
1389 3895 1903 3974 interpolatoribus
1956 3906 2240 3957 attextum
2300 3898 2625 3970 contendit,
2687 3899 2834 3957 bene

637 3991 882 4050 meritus
907 3991 1124 4067 alioqui
1151 3991 1227 4049 de
1263 3991 1448 4049 Plinio
1489 3993 1749 4053 Joannes
1804 3993 2141 4053 Harduinus
2172 3993 2529 4071 Chronolog.
2564 3993 2635 4052 V.
2664 3993 2743 4050 T.
2769 4013 2834 4072 p.

645 4095 782 4148 152.
823 4105 997 4168 quem
1045 4086 1163 4144 late
1204 4085 1418 4146 refellit
1455 4088 1548 4146 m.
1579 4087 1967 4161 Rezzonicus,
2006 4089 2105 4149 sed
2154 4099 2218 4148 ut
2264 4099 2459 4148 tamen
2504 4088 2579 4148 de
2626 4087 2833 4148 Indice

638 4189 944 4241 auctorum
973 4181 1268 4241 concedat
1295 4201 1366 4252 ac
1415 4180 1697 4244 defendat
1722 4200 1785 4260 p.
1821 4193 1961 4247 200.
2003 4185 2223 4246 Plinius
2252 4184 2378 4262 ipse
2414 4193 2661 4246 testatur
2683 4201 2835 4261 opus
